2624 4726
565 210 646 305 ar·

53 385 239 472 putamm),
254 383 308 461 ⁵⁴>
326 386 504 452 verisimile
524 404 589 449 non
600 403 693 465 esse,
711 385 819 449 multa
834 387 870 448 in
888 388 963 454 illis
983 388 1119 471 scriptis

55 517 128 560 esse
145 495 356 578 interpolata.
378 484 379 489 ¹
398 495 460 558 Cui
480 494 616 566 accedit,
639 492 730 574 quod
750 499 952 574 comparatio
970 497 1119 561 locorum

54 624 98 668 ex
115 601 223 690 Paulli
239 622 307 665 rec.
328 613 425 673 sent,
449 621 513 682 quo
533 602 676 664 maxiano
694 603 765 663 lere
786 602 907 664 nititur
926 605 1118 679 Bluhnsius,
1212 667 1214 671 ,

55 682 227 796 suspdctae
248 720 343 784 ¹certe
370 708 452 771 fidei
477 721 529 771 est
550 708 797 783 testimonium,
827 714 1021 791 praesertim
1043 731 1120 775 cum

54 821 124 882 lori
142 816 358 905 Digestorum
377 818 419 879 iis
440 815 604 900 capitibus
620 815 762 893 similes,
783 835 867 896 quse
886 837 928 881 ‚ex
946 818 1062 881 Paullo
1081 819 1119 880 in

54 921 141 1007 Lege
157 923 213 987 dei
229 924 454 1005 inveniuntur,
473 923 667 987 Bluhmium
683 921 772 986 haud
789 926 934 988 multum
951 923 1117 999 adjuvent.
1191 965 1196 974 -

112 1046 115 1051 ’
544 1030 629 1109 §.n
1104 1096 1106 1100 .

58 1130 69 1143 “
139 1135 310 1218 Quidquid
324 1148 435 1200 autem
449 1137 485 1200 id
499 1137 615 1212 luerit,
632 1137 667 1200 id
680 1148 792 1200 tamen
807 1155 847 1199 ex
859 1135 936 1199 Vat.
953 1155 1015 1218 pro
1028 1144 1118 1197 certo
1200 1161 1204 1168 ·

56 1243 211 1307 contendi
236 1264 335 1328 posse
366 1255 542 1328 putamus,
573 1245 743 1324 permulto
774 1245 851 1326 plus
878 1240 1118 1305 Tribonianum

55 1351 197 1433 Ulpiani
216 1352 313 1414 libris
330 1351 532 1433 applicuisse
546 1369 673 1426 manus,
693 1353 1031 1434 eorumquelormam
1048 1366 1117 1412 sae·

56 1460 194 1540 pissime
212 1479 345 1540 prorsus
362 1460 563 1521 immutasse.
609 1456 705 1540 Quod
728 1468 764 1519 ut
785 1458 939 1534 eveniret,
959 1458 1026 1534 jam
1045 1457 1119 1539 ipsa

58 1566 93 1628 in
123 1566 336 1647 excerpendis
364 1565 462 1626 libris
496 1584 515 1626 a
549 1552 751 1628 Triltoniano
779 1565 920 1646 ejusque
952 1566 1119 1649 sociisve:

35 1706 50 1745 ,-
60 1671 238 1735 iustiniani
270 1673 474 1754 praescripto
509 1671 717 1735 observanda
747 1674 832 1735 ratio
868 1673 997 1746 efferim
1034 1687 1118 1751 quae

62 1780 187 1843 scilicet
207 1779 285 1841 cum¹
301 1779 338 1841 id
358 1776 554 1860 praesertim
573 1793 744 1861 spectaret,
768 1800 809 1840 ne
829 1781 864 1841 in
885 1780 1024 1840 nimiam
1047 1795 1119 1838 mo-

63 1887 127 1950 lem
151 1880 351 1953 excresceret
369 1872 781 1965 Digestorum'rolumen,
813 1904 966 1967 magnam
995 1885 1117 1964 allega·
1149 1880 1153 1885 ’

62 1995 188 2057 tionum
210 1993 340 2079 copiam
348 2038 360 2067 ,
389 2013 463 2055 cum
484 1994 736 2059 adsentientium
758 2006 830 2058 tum
853 1992 1118 2067 dissentientium

63 2101 188 2183 largam
206 2096 351 2183 segetem
368 2112 602 2187 praestantem,
625 2123 688 2186 qua
706 2103 888 2184 Ulpianum
904 2100 968 2164 sibl
986 2101 1117 2180 placere

64 2230 160 2293 supra
182 2209 345 2282 diximus,
368 2229 485 2290 magua
508 2211 560 2272 sui
583 2221 675 2291 parte
699 2230 764 2271 non
783 2204 950 2269 decurtare
970 2228 1036 2297 non
1057 2225 1117 2289 po·

64 2329 216 2394 tnerunt3
242 2317 331 2399 quod
359 2335 437 2377 vero
462 2316 508 2407 ita
529 2301 697 2391 lecerunt,
721 2330 775 2390 ut,
805 2317 834 2377 si
858 2317 914 2397 qui
938 2316 1117 2396 scriptores
1223 2361 1225 2365 .

63 2426 249 2489 recederent
278 2423 319 2485 ab
348 2420 485 2509 Ulpiani
512 2428 696 2492 sententia,
731 2426 774 2488 iis
811 2442 940 2504 semper
974 2422 1118 2495 omissis,

64 2553 198 2611 eorum,
233 2523 309 2614 qui‘
323 2531 564 2602 consentirent,
595 2533 1001 2615 plerumque'recipcrent
1031 2541 1117 2591 certe

62 2638 214 2712 nomina,
240 2639 334 2722 quasi
359 2637 435 2699 inde
467 2655 501 2698 se
524 2637 608 2700 hanc
629 2640 792 2719 recepisse
815 2640 1011 2702 sententiam
1030 2631 1118 2697 com-¹

61 2748 214 2810 mendara
249 2746 385 2810 vellent·
451 2742 600 2824 Quocum
633 2748 779 2827 proxime
813 2747 1022 2823 conjunctum
1054 2756 1116 2820 est,
1200 2790 1207 2797 -

61 2873 215 2933 magnam
236 2853 376 2936 Ulpiani
398 2853 524 2932 copiam
546 2832 677 2918 dicendi
699 2855 830 2935 saepius
855 2854 991 2915 nimiam
1014 2855 1117 2916 visam

62 2980 132 3023 esse
152 2961 379 3041 Triboniano,
408 2959 545 3037 ideoque
574 2973 609 3022 et
635 2961 742 3023 multa
763 2961 828 3041 alia
850 2980 924 3022 eum
942 2980 1119 3031 resecasse,

61 3071 204 3139 rationes
235 3066 414 3130 decidendi.
437 3051 584 3130 omisisse
594 3107 607 3143 ,
638 3069 784 3130 ordinem
807 3069 1022 3130 materiarum
1044 3088 1119 3150 per·
1154 3072 1157 3080 '

59 3188 223 3249 mutasse,
240 3187 273 3238 et
292 3177 327 3238 in
350 3176 514 3259 epitomen
537 3195 722 3238 sermonem
745 3176 814 3254 ejus
836 3175 1009 3256 redegisse,
1033 3175 1120 3258 quod

59 3306 136 3348 vero
167 3275 256 3355 baud
283 3305 355 3346 raro
386 3285 433 3346 ita
460 3287 586 3359 factum
616 3293 685 3358 est,
714 3293 751 3343 ut
771 3302 905 3364 prorsus
926 3284 1120 3346 immutatae

59 3392 232 3473 prodirent
261 3391 525 3499 'contrariaeque
565 3392 758 3453 sententiae.
790 3385 846 3466 ⁵⁵)
912 3391 952 3452 Id
985 3389 1118 3469 quidem
1207 3444 1212 3451 .

57 3563 392 3610 ...κ-η’,

60 3676 63 3681 ’
93 3683 145 3750 54)
162 3679 205 3740 Cf.
224 3679 309 3742 Paulli
324 3660 395 3754 resp.
413 3679 442 3734 in
458 3677 544 3739 Vatia.
562 3678 656 3752 fragm}
675 3675 714 3732 til.
731 3675 765 3744 ds
783 3694 814 3732 rs
833 3674 930 3732 uxoria
947 3687 973 3732 et
990 3675 1023 3731 ds
1041 3691 1117 3730 excu·
1187 3661 1204 3715 ,¹

127 3776 281 3832 sationibus.
310 3763 321 3775 '
391 3843 394 3847 ¹
698 3837 701 3851 .
887 3832 893 3845 s
996 3837 998 3840 y

89 3871 148 3942 ⁵⁵)
166 3865 241 3925 llasc'
257 3868 347 3927 omnis
359 3871 397 3924 eir
414 3862 613 3941 comparations
626 3871 666 3942 ιι.
680 3875 793 3936 59-89,
810 3867 838 3920 in
852 3853 948 3940 quibus
962 3882 996 3918 ex
1009 3863 1119 3937 Ulpiani

101 4012 103 4017 .
130 3964 176 4044 lib.
199 3966 285 4026 Xl'll.
304 3965 339 4028 ad
361 3964 488 4020 Sabinum
510 3978 634 4034 magnam
649 3960 937 4036 partsmaccepimns,
961 3977 1023 4016 cnm
1039 3956 1120 4034 Dige-
1183 3991 1189 4006 -

129 4069 233 4115 storum
248 4060 314 4120 locis
330 4059 458 4116 milibus
474 4059 605 4133 produnt..
