2626 4726
615 229 668 349 '⁴1
871 227 874 232 ,

116 443 249 517 rantis,
287 444 408 507 iterum
438 445 651 511 confirmatur
678 443 753 511 Vat
776 444 828 505 ir.
882 444 909 507 E
937 443 1057 526 quibus
1083 446 1183 511 etlam

118 553 315 636 specialiter
338 551 377 614 de
399 553 545 628 ratione,
573 573 653 640 qua
649 556 785 614 factum
812 551 848 613 id
872 555 934 647 sit,
961 565 992 618 et
1017 573 1098 642 quae
1125 563 1183 614 aut

120 661 355 732 remanserint,
385 673 441 723 aut
466 681 550 727 nova
576 662 751 730 constituta
777 662 842 724 sint
868 643 1070 749 discrimina,
1099 664 1182 725 bene

120 771 311 840 edocemur.
353 768 403 837 De
425 770 467 831 iis
489 789 574 831 nunc
595 770 842 850 disputandum.
1120 776 1122 782 '

209 867 426 956 Posteaquam
451 890 514 939 usu
539 880 698 955 uenisset,
721 890 768 939 ut
791 888 1015 958 procuratores
1041 877 1182 957 singulis
1233 954 1236 958 Α

120 986 219 1048 etiam
243 984 360 1055 litibus
388 998 681 1066 praeponerentur,
711 995 783 1044 tum
812 995 943 1065 praeter
969 988 1114 1054 formam
1145 1005 1182 1048 aa
1207 1021 1210 1026 -
1267 1008 1274 1025 ⁵

120 1094 328 1175 potissimum
341 1095 468 1153 ratione
485 1092 682 1154 distabauta
701 1091 938 1170 cognitoribus,
962 1093 1048 1172 quod
1061 1112 1182 1167 eorum

106 1201 332 1276 constitutio,
356 1221 421 1260 non
457 1201 590 1269 eandem
630 1220 737 1280 quam.
765 1199 968 1277 cognitorum
1004 1199 1182 1280 praebebat
1290 1207 1295 1218 ‘

123 1309 312 1371 adversario
341 1308 570 1385 securitatem,
599 1308 737 1388 ideoque
760 1308 969 1367 dominorum
994 1307 1064 1367 loco
1086 1325 1181 1385 agere

122 1417 232 1485 videri
260 1435 325 1477 nou
355 1429 524 1496 poterant,
558 1415 613 1482 sed
644 1417 752 1494 potius
784 1435 843 1483 auo
872 1414 1018 1494 ipsorum
1049 1414 1183 1475 nomine

123 1522 222 1607 agere
253 1522 462 1601 videbantur,
504 1522 578 1585 inde
604 1523 829 1591 satisdatioois
858 1542 927 1584 rem
954 1534 1059 1585 ratam
1088 1521 1181 1582 hobi.
1214 1520 1218 1527 “

123 1643 237 1697 turum
262 1631 428 1702 dominum
452 1634 641 1710 necessitas,
670 1631 745 1692 inde
768 1632 905 1708 judicati
930 1631 1014 1693 actio
1038 1649 1108 1688 uon.
1125 1628 1181 1688 do-

127 1739 222 1799 minis
247 1749 279 1798 et
301 1741 336 1798 in
358 1739 523 1816 dominos,
557 1739 613 1801 sed
632 1724 769 1819 ipsis'et
791 1740 826 1797 in
849 1741 959 1817 ipsos,
983 1749 1179 1818 competens.

128 1846 276 1912 Simulat
295 1846 397 1927 igitur
418 1848 596 1924 constabat,
617 1847 750 1908 eandem
770 1841 988 1921 securitatem,
1009 1862 1109 1925 'quam
1131 1865 1180 1910 so·
1224 1902 1225 1906 ,

125 1953 243 2018 lamnis
278 1955 457 2034 cognitoris
492 1957 679 2024 constitutio
710 1953 904 2037 praebebat,
940 1955 1040 2014 etiam
1074 1955 1213 2021 forma‘

125 2061 189 2123 illa
222 2061 393 2143 deficiente
421 2064 456 2124 iu
485 2075 695 2144 procuratore
721 2081 814 2143 posse
843 2061 947 2134 effici,
981 2079 1181 2139 consequent

126 2180 218 2246 crat,
241 2181 280 2229 ut
302 2190 362 2248 pro
385 2168 552 2252 cognitore
574 2171 671 2230 etiam
694 2173 763 2231 iere
785 2168 962 2249 haberetur
981 2166 1179 2248 procurator.

100 2275 242 2368 'Quum
281 2287 398 2340 autem,
428 2280 582 2339 securitas
620 2277 680 2338 illa
716 2279 751 2337 iu
790 2296 826 2337 eo
858 2287 942 2338 esset
973 2275 1098 2355 posita,
1142 2282 1181 2333 ut

127 2385 330 2464 cognitorem
364 2386 564 2450 constituens
599 2405 673 2445 cum
705 2385 892 2454 adversario
925 2384 1017 2466 quasi
1053 2394 1179 2443 contra-

105 2491 225 2559 ⁴heret
255 2492 293 2554 tle
323 2493 385 2553 lite
407 2511 467 2573 per
490 2495 688 2573 cognitorem
711 2492 910 2573 peragenda,
941 2475 1180 2572 primumcum

131 2612 375 2705 procuratorem
402 2603 578 2680 cognitoris
603 2601 672 2669 loco
694 2581 877 2672 babebant,
906 2602 934 2660 si
958 2619 1052 2679 quem
1075 2596 1182 2657 domi·

132 2698 188 2769 uus
220 2710 255 2779 ip
287 2709 360 2770 loco
386 2708 503 2784 judicii
532 2728 683 2790 praesens
714 2727 822 2774 coram
852 2707 1033 2772 adversario
1061 2705 1180 2770 cousti-

132 2816 256 2884 tuebat
301 2816 388 2920 Tum
419 2818 504 2887 enim
532 2817 682 2877 domiuus
709 2817 893 2885 adversario
916 2818 1069 2878 mandare
1093 2814 1180 2878 vide

133 2923 237 2998 batur,
261 2935 298 2994 ut
318 2913 390 2992 cunt
409 2937 616 3025 procuratore
633 2927 790 3004 litigaret,
811 2913 947 3004 intleque
962 2920 1180 3006 procuratoris

135 3032 262 3102 facta
251 3051 286 3092 ιιι
321 3051 353 3093 se
385 3033 531 3112 recipere
566 3033 793 3113 obligabatur,
822 3050 928 3110 neque
952 3030 1139 3093 mandatum
1155 3014 1205 3088 α’

134 3151 342 3219 procuratore
376 3142 546 3220 ignorante
577 3140 758 3201 adversario
789 3158 937 3204 revocare
969 3118 1101 3199 licebat.
1130 3131 1181 3211 16)

119 3246 242 3317 Morte
272 3247 404 3323 quidem
434 3247 556 3325 domini
587 3251 684 3310 etiam
711 3259 782 3309 tum
803 3249 973 3326 ignorante
995 3216 1199 3311 adversario¹
1237 3270 1264 3283 Δ·

132 3353 322 3423 mandatum
337 3356 543 3432 solvebatur3
566 3367 609 3432 at,
631 3375 730 3434 quum
747 3339 896 3437 praesens
913 3365 998 3415 esset
1017 3354 1182 3427 dominus,

132 3482 221 3522 mors
255 3463 324 3538 ejus
357 3465 577 3527 adversarium
610 3465 711 3532 latere
744 3463 832 3523 haud
862 3463 961 3528 facile
992 3462 1118 3543 potuit,
1150 3469 1183 3524 et

135 3581 219 3631 certe
253 3583 327 3653 post
362 3573 435 3633 litis
467 3573 732 3632 contestationem
764 3591 853 3630 mors
884 3570 1009 3645 domini
1041 3567 1181 3641 alicujus
1221 3568 1224 3575 '

132 3679 292 3763 momenti
333 3680 422 3740 haud
459 3680 602 3759 amplius
643 3678 719 3738 luit.
754 3675 803 3754 ¹⁷)
878 3678 1061 3739 Probautur
1102 3673 1182 3755 haec

132 3781 163 3862 ᾗ·
191 3793 284 3864 bib,
315 3786 464 3858 desumto
493 3808 529 3848 er
556 3787 729 3877 Papiniani
755 3787 819 3856 lib,
840 3786 910 3867 XV,
935 3799 1181 3876 responsorumt
1214 3812 1217 3819 »

166 4013 214 4080 16)
231 4011 249 4063 1.
268 4029 316 4064 un.
333 4010 363 4070 C.
385 4010 418 4063 da
436 4009 592 4100 satisdando.
613 4011 650 4079 (ι.
668 4009 727 4082 57.)Ι

166 4107 213 4178 17)
233 4106 251 4158 l·
273 4116 297 4169 1·
316 4105 349 4163 C.
368 4107 419 4166 Th.
439 4106 472 4167 do
491 4105 624 4178 cognitor·¹
641 4106 680 4175 (t.
700 4107 759 4176 tt)-
