2626 4726
621 283 688 345 142

115 458 256 521 enodem
281 457 318 519 in
344 454 481 519 modum
509 456 753 539 rescripserunt
774 459 916 526 Severus
941 436 1189 530 et'antoniaus

116 567 346 649 imperatores.
369 561 400 642 ᾗ.
420 571 496 640 295.
1183 624 1187 629 .

200 672 248 735 Ea
273 685 383 735 umen
406 673 541 734 videtur
561 671 744 736 obtinuisse
762 675 852 737 inter
873 674 1009 757 penulis¹
1021 686 1055 736 et
1077 675 1191 741 dona·

116 784 222 844 tiones
254 782 460 853 differentia,
494 783 582 859 quod
616 781 700 853 illa,
740 785 809 846 nisi
839 762 1031 866 praelegata
1058 799 1192 860 esseut,

115 890 265 952 liliorum
277 910 343 950 non
363 887 491 964 fierent,
513 888 705 951 donationes
725 905 848 962 autem,
868 893 1047 952 sitantum
1066 906 1191 972 aperte

117 1007 215 1078 pater
233 995 432 1057 declarasset
449 1006 648 1057 testamento
671 997 877 1059 voluntatem
899 997 985 1057 filiis
1006 1015 1060 1060 ess
1082 1001 1193 1062 relin-

117 1104 261 1184 quendi,
295 1103 374 1164 licet
404 1104 488 1178 juris
521 1105 623 1166 verba
655 1105 853 1179 deficerent,
885 1105 1193 1185 confirmarentur3

86 1280 95 1305 x
117 1211 203 1272 unde
219 1223 360 1294 patrem,
384 1214 442 1291 qui
463 1223 662 1272 testamento
685 1215 882 1295 scripserat:
901 1217 1082 1295 „exceptis‚
1104 1236 1192 1296 qnae

118 1322 225 1381 sorori
246 1332 322 1380 tuae
343 1319 461 1380 donavi
470 1318 502 1391 ‚“
537 1320 780 1384 liberalitatem
800 1321 1014 1384 confirmasse
1033 1321 1191 1403 Papinia-

15 1468 20 1477 ·
119 1447 179 1488 uus
199 1417 381 1507 respondit.
414 1424 446 1503 §.
468 1432 543 1498 256.

203 1527 272 1594 Hoc
294 1546 404 1596 autem
426 1535 479 1612 jos
498 1546 612 1617 postea
633 1535 847 1596 immutatum
868 1548 943 1607 eat,
966 1538 1015 1599 ita
1035 1535 1187 1617 quidem,

119 1654 159 1705 ut
190 1635 379 1705 caracallae
407 1643 730 1718 senatusconsultum
758 1643 798 1702 de
827 1642 1063 1705 donationibus
1101 1645 1191 1706 inter

119 1753 228 1813 virum
250 1762 282 1810 et
302 1769 456 1823 uxorem,
490 1749 583 1826 cuins
615 1749 749 1831 quidem
766 1736 859 1830 'pars
887 1741 1061 1812 exhibetur
1085 1752 1114 1813 1.
1135 1760 1187 1821 32.

120 1854 153 1934 §.
174 1869 206 1927 2.
229 1859 273 1919 D.
307 1856 346 1917 de
376 1857 452 1941 dona
474 1859 500 1919 i.
520 1879 553 1919 v.
577 1877 607 1918 e.
630 1878 664 1917 u.
687 1856 754 1932 (24.
779 1855 838 1934 1.),
867 1861 970 1926 etiam
992 1858 1036 1920 ad
1056 1872 1187 1925 nostras

120 1965 313 2026 donationes
351 1966 550 2026 translatum
587 1984 657 2026 esse
696 1967 858 2027 videatur·
917 1968 1060 2029 Etiamsi
1094 1969 1186 2028 enim

119 2071 232 2134 Paulli
254 2093 317 2134 rec.
341 2085 424 2134 seut.
445 2073 485 2132 V.
511 2083 560 2134 tt.
581 2072 611 2148 §.
631 2073 663 2141 3'.
687 2072 867 2136 habeamus·
886 2091 949 2154 pro
970 2075 1183 2156 interpolato,

120 2178 285 2263 quia'sc.
324 2180 522 2243 contradicit
559 2181 706 2253 ejusdem
748 2181 859 2242 Paulli
905 2183 967 2242 alii
1010 2176 1185 2260 loco‚³⁸)

120 2302 232 2353 tamen
251 2289 318 2364 iam
340 2289 381 2348 ab
404 2288 662 2383 imperatoribus
676 2287 813 2348 Valerio
825 2300 859 2349 et
872 2287 1026 2371 Gallieno
1045 2284 1187 2374 rescrip-

121 2409 194 2460 tum
219 2396 394 2459 videmus:
416 2393 471 2470 ³⁹)

164 2503 369 2581 „indubitati
391 2502 474 2578 juris
502 2519 593 2573 esse,
626 2501 715 2579 quod
743 2491 907 2577 iudicium
935 2502 1066 2581 patris,
1099 2506 1186 2590 siin

245 2616 424 2672 extremum
446 2611 509 2670 fati
541 2602 628 2678 diem
647 2614 744 2690 patei·
772 2607 884 2669 eadem
909 2607 1014 2668 animi
1044 2609 1188 2673 destina-

249 2719 342 2779 tione
363 2719 555 2789 duraverit,
584 2728 671 2779 esset
694 2717 890 2778 servandum
903 2713 936 2788 3“

124 2827 214 2908 quod
245 2825 376 2907 quidem
407 2826 508 2887 etiam
536 2826 668 2908 saepius
695 2845 716 2886 a
745 2813 956 2907 Diocletiano
989 2814 1186 2905 rescriptum

100 2934 264 3015 tlegimus
292 2936 327 2995 in
355 2933 430 2993 Vat.
456 2935 499 2994 ir.
534 2922 583 3009 §§.
610 2934 684 3002 27t.
709 2931 782 3001 277.
809 2937 883 3002 276·
908 2928 999 3006 261„
1031 2933 1082 2994 ita
1105 2922 1185 3010 juris

124 3051 239 3103 tenore
263 3053 457 3122 superatos
478 3052 633 3121 „recepta
653 3039 896 3100 humanitate.“
992 3044 1019 3093 st

210 3152 249 3212 ld
279 3169 355 3211 vero
378 3145 703 3210 animadvertendum
722 3158 795 3218 est,
827 3132 948 3208 talium
970 3133 1184 3207 donationum

126 3257 311 3319 etiamnunc
362 3254 528 3317 diversam
571 3255 677 3316 fuisse
710 3257 872 3316 rationem
908 3254 951 3315 ab
988 3251 1056 3326 iis,
1093 3271 1183 3333 quae,

125 3375 240 3426 eontra
266 3364 373 3444 legem
403 3361 549 3425 cinctam
577 3362 701 3440 laetae,
722 3344 837 3425 morte
869 3353 1039 3431 donatoris
1069 3371 1206 3423 consae·

127 3473 297 3534 lescerent.
341 3472 453 3552 Neque
477 3471 564 3531 enim
585 3481 656 3532 tunt
680 3472 795 3532 mortis
820 3478 916 3532 cauta
938 3468 1012 3548 capi
1031 3457 1183 3528 Paullum

128 3581 290 3641 censuisse
319 3576 495 3658 (§·259·)r
533 3586 634 3657 supra
662 3579 862 3659 retulimus3
898 3589 932 3639 at
957 3577 985 3637 si
1013 3578 1050 3636 in
1077 3568 1184 3636 lilium

130 3688 277 3749 familias
300 3700 391 3770 pater
416 3686 611 3748 contulisset
637 3685 865 3764 (Ιοιιιῑίόιιειιι,1
894 3675 1126 3772 hujuscemodi
1149 3684 1185 3743 li·

35 3847 47 3873 „
129 3793 338 3856 beralitatem
370 3784 438 3871 „ad
464 3795 571 3856 instar
598 3797 723 3891 mortis)
743 3815 839 3858 causa
868 3786 1054 3855 donationis
1081 3790 1188 3871 redigi

133 3946 334 3963 —u———n

166 4044 213 4114 bd)
234 4047 251 4099 Ι.
276 4050 341 4134 μβ.
363 4055 387 4105 1.
405 4045 440 4099 D.
460 4042 697 4118 pissoniana.
716 4047 759 4116 6.)

147 4141 215 4211 ts)
233 4140 299 4199 cols
316 4140 432 4214 Gregort
450 4136 495 4201 ΙΙΙ.
513 4150 539 4201 4.
555 4153 579 4202 2.
