<?xml version="1.0" encoding="UTF-8"?>
<!DOCTYPE html PUBLIC "-//W3C//DTD XHTML 1.0 Transitional//EN"
    "http://www.w3.org/TR/xhtml1/DTD/xhtml1-transitional.dtd">
<html xmlns="http://www.w3.org/1999/xhtml" xml:lang="en" lang="en">
 <head>
  <title>
</title>
<meta http-equiv="Content-Type" content="text/html;charset=utf-8" />
  <meta name='ocr-system' content='tesseract 3.04.00' />
  <meta name='ocr-capabilities' content='ocr_page ocr_carea ocr_par ocr_line ocrx_word'/>
</head>
<body>
  <div class='ocr_page' id='page_1' title='image "./quidconferantva00brungoog_0054.png"; bbox 0 0 2626 4726; ppageno 0'>
   <div class='ocr_carea' id='block_1_1' title="bbox 564 263 723 332">
    <p class='ocr_par' dir='ltr' id='par_1_1' title="bbox 564 263 723 332">
     <span class='ocr_line' id='line_1_1' title="bbox 564 263 723 332; baseline 0.063 -10"><span class='ocrx_word' id='word_1_1' title='bbox 564 263 620 324; x_wconf 63' lang='grc' dir='ltr'>Μ’</span> <span class='ocrx_word' id='word_1_2' title='bbox 714 325 723 332; x_wconf 88' lang='grc'>.</span> 
     </span>
    </p>
   </div>
   <div class='ocr_carea' id='block_1_2' title="bbox 47 438 1116 634">
    <p class='ocr_par' dir='ltr' id='par_1_2' title="bbox 47 438 1116 634">
     <span class='ocr_line' id='line_1_2' title="bbox 47 438 1116 525; baseline 0.015 -34"><span class='ocrx_word' id='word_1_3' title='bbox 47 447 206 509; x_wconf 84' lang='lat' dir='ltr'>praesens</span> <span class='ocrx_word' id='word_1_4' title='bbox 226 450 245 493; x_wconf 90' lang='lat' dir='ltr'>a</span> <span class='ocrx_word' id='word_1_5' title='bbox 266 446 437 513; x_wconf 71' lang='lat' dir='ltr'>praesente</span> <span class='ocrx_word' id='word_1_6' title='bbox 456 441 623 520; x_wconf 84' lang='lat' dir='ltr'>praesenti</span> <span class='ocrx_word' id='word_1_7' title='bbox 642 438 905 503; x_wconf 74' lang='lat' dir='ltr'>constituebatur</span> <span class='ocrx_word' id='word_1_8' title='bbox 927 444 1116 525; x_wconf 63' lang='lat' dir='ltr'>cogniton‘t</span> 
     </span>
     <span class='ocr_line' id='line_1_3' title="bbox 50 538 1115 634; baseline 0.015 -35"><span class='ocrx_word' id='word_1_9' title='bbox 50 538 271 618; x_wconf 74' lang='lat' dir='ltr'>sequebatur,</span> <span class='ocrx_word' id='word_1_10' title='bbox 289 554 326 604; x_wconf 92' lang='lat' dir='ltr'>ut</span> <span class='ocrx_word' id='word_1_11' title='bbox 346 555 379 606; x_wconf 85' lang='lat' dir='ltr'>et</span> <span class='ocrx_word' id='word_1_12' title='bbox 395 545 546 609; x_wconf 87' lang='lat' dir='ltr'>dominus</span> <span class='ocrx_word' id='word_1_13' title='bbox 564 552 767 611; x_wconf 89' lang='lat' dir='ltr'>constituens</span> <span class='ocrx_word' id='word_1_14' title='bbox 786 550 1010 630; x_wconf 82' lang='lat' dir='ltr'>obligaretur,</span> <span class='ocrx_word' id='word_1_15' title='bbox 1033 573 1115 634; x_wconf 87' lang='lat' dir='ltr'>quae</span> 
     </span>
    </p>
   </div>
   <div class='ocr_carea' id='block_1_3' title="bbox 51 647 1227 848">
    <p class='ocr_par' dir='ltr' id='par_1_3' title="bbox 51 647 1241 857">
     <span class='ocr_line' id='line_1_4' title="bbox 51 647 1227 739; baseline 0.016 -34"><span class='ocrx_word' id='word_1_16' title='bbox 51 647 203 724; x_wconf 88' lang='lat' dir='ltr'>cognitor</span> <span class='ocrx_word' id='word_1_17' title='bbox 225 650 370 722; x_wconf 79' lang='lat' dir='ltr'>faceret,</span> <span class='ocrx_word' id='word_1_18' title='bbox 398 656 492 734; x_wconf 88' lang='lat' dir='ltr'>quasi</span> <span class='ocrx_word' id='word_1_19' title='bbox 514 656 584 736; x_wconf 88' lang='lat' dir='ltr'>ipse</span> <span class='ocrx_word' id='word_1_20' title='bbox 609 658 759 728; x_wconf 83' lang='lat' dir='ltr'>fecisset,</span> <span class='ocrx_word' id='word_1_21' title='bbox 789 661 823 719; x_wconf 93' lang='lat' dir='ltr'>in</span> <span class='ocrx_word' id='word_1_22' title='bbox 843 679 876 720; x_wconf 89' lang='lat' dir='ltr'>se</span> <span class='ocrx_word' id='word_1_23' title='bbox 895 661 1061 739; x_wconf 88' lang='lat' dir='ltr'>recipere,</span> <span class='ocrx_word' id='word_1_24' title='bbox 1084 673 1117 722; x_wconf 92' lang='lat' dir='ltr'>et</span> <span class='ocrx_word' id='word_1_25' title='bbox 1211 689 1227 707; x_wconf 43' lang='grc' dir='ltr'>κ</span> 
     </span>
     <span class='ocr_line' id='line_1_5' title="bbox 54 754 1116 848; baseline 0.016 -34"><span class='ocrx_word' id='word_1_26' title='bbox 54 755 264 818; x_wconf 83' lang='lat' dir='ltr'>adversarius</span> <span class='ocrx_word' id='word_1_27' title='bbox 289 754 516 837; x_wconf 83' lang='lat' dir='ltr'>obligaretur,</span> <span class='ocrx_word' id='word_1_28' title='bbox 544 777 677 826; x_wconf 84' lang='lat' dir='ltr'>utrum</span> <span class='ocrx_word' id='word_1_29' title='bbox 700 767 889 848; x_wconf 81' lang='lat' dir='ltr'>cognitore,</span> <span class='ocrx_word' id='word_1_30' title='bbox 922 768 1018 829; x_wconf 87' lang='lat' dir='ltr'>sicuti</span> <span class='ocrx_word' id='word_1_31' title='bbox 1040 789 1116 831; x_wconf 87' lang='lat' dir='ltr'>cum</span> 
     </span>
    </p>
   </div>
   <div class='ocr_carea' id='block_1_4' title="bbox 9 861 1211 3205">
    <p class='ocr_par' dir='ltr' id='par_1_4' title="bbox 9 861 1211 3205">
     <span class='ocr_line' id='line_1_6' title="bbox 52 861 1197 957; baseline 0.017 -37"><span class='ocrx_word' id='word_1_32' title='bbox 52 861 188 923; x_wconf 87' lang='lat' dir='ltr'>domino</span> <span class='ocrx_word' id='word_1_33' title='bbox 210 865 295 949; x_wconf 90' lang='lat' dir='ltr'>ipso,</span> <span class='ocrx_word' id='word_1_34' title='bbox 319 867 412 929; x_wconf 88' lang='lat' dir='ltr'>litem</span> <span class='ocrx_word' id='word_1_35' title='bbox 436 882 684 933; x_wconf 83' lang='lat' dir='ltr'>contestaretur.</span> <span class='ocrx_word' id='word_1_36' title='bbox 729 874 816 957; x_wconf 53' lang='lat' dir='ltr'>Index</span> <span class='ocrx_word' id='word_1_37' title='bbox 832 894 909 935; x_wconf 84' lang='lat' dir='ltr'>vero</span> <span class='ocrx_word' id='word_1_38' title='bbox 928 876 1048 938; x_wconf 87' lang='lat' dir='ltr'>iterum</span> <span class='ocrx_word' id='word_1_39' title='bbox 1068 899 1117 940; x_wconf 89' lang='lat' dir='ltr'>se·</span> <span class='ocrx_word' id='word_1_40' title='bbox 1194 866 1197 871; x_wconf 40' lang='lat'>¹</span> 
     </span>
     <span class='ocr_line' id='line_1_7' title="bbox 53 970 1115 1060; baseline 0.016 -31"><span class='ocrx_word' id='word_1_41' title='bbox 53 970 241 1051; x_wconf 82' lang='lat' dir='ltr'>quebatur,</span> <span class='ocrx_word' id='word_1_42' title='bbox 272 994 354 1054; x_wconf 87' lang='lat' dir='ltr'>quae</span> <span class='ocrx_word' id='word_1_43' title='bbox 383 978 466 1038; x_wconf 89' lang='lat' dir='ltr'>ratio</span> <span class='ocrx_word' id='word_1_44' title='bbox 494 979 717 1055; x_wconf 81' lang='lat' dir='ltr'>intercedebat</span> <span class='ocrx_word' id='word_1_45' title='bbox 743 981 829 1042; x_wconf 90' lang='lat' dir='ltr'>inter</span> <span class='ocrx_word' id='word_1_46' title='bbox 854 983 1057 1060; x_wconf 86' lang='lat' dir='ltr'>cognitorem</span> <span class='ocrx_word' id='word_1_47' title='bbox 1082 997 1115 1046; x_wconf 92' lang='lat' dir='ltr'>et</span> 
     </span>
     <span class='ocr_line' id='line_1_8' title="bbox 52 1077 1113 1172; baseline 0.017 -34"><span class='ocrx_word' id='word_1_48' title='bbox 52 1077 224 1144; x_wconf 86' lang='lat' dir='ltr'>dominum</span> <span class='ocrx_word' id='word_1_49' title='bbox 247 1093 406 1162; x_wconf 84' lang='lat' dir='ltr'>quantum</span> <span class='ocrx_word' id='word_1_50' title='bbox 422 1086 580 1149; x_wconf 86' lang='lat' dir='ltr'>attinebat</span> <span class='ocrx_word' id='word_1_51' title='bbox 598 1088 638 1148; x_wconf 95' lang='lat' dir='ltr'>ad</span> <span class='ocrx_word' id='word_1_52' title='bbox 655 1090 747 1151; x_wconf 87' lang='lat' dir='ltr'>litem</span> <span class='ocrx_word' id='word_1_53' title='bbox 761 1091 868 1172; x_wconf 88' lang='lat' dir='ltr'>ipsam</span> <span class='ocrx_word' id='word_1_54' title='bbox 882 1093 1113 1170; x_wconf 88' lang='lat' dir='ltr'>peragendam,</span> 
     </span>
     <span class='ocr_line' id='line_1_9' title="bbox 51 1180 1114 1280; baseline 0.014 -34"><span class='ocrx_word' id='word_1_55' title='bbox 51 1197 88 1247; x_wconf 89' lang='lat' dir='ltr'>nt</span> <span class='ocrx_word' id='word_1_56' title='bbox 103 1186 247 1260; x_wconf 76' lang='lat' dir='ltr'>scilicet,</span> <span class='ocrx_word' id='word_1_57' title='bbox 273 1193 428 1270; x_wconf 85' lang='lat' dir='ltr'>quamdiu</span> <span class='ocrx_word' id='word_1_58' title='bbox 446 1194 491 1256; x_wconf 87' lang='lat' dir='ltr'>lis</span> <span class='ocrx_word' id='word_1_59' title='bbox 514 1185 682 1277; x_wconf 84' lang='lat' dir='ltr'>penderet,</span> <span class='ocrx_word' id='word_1_60' title='bbox 702 1197 824 1258; x_wconf 89' lang='lat' dir='ltr'>domini</span> <span class='ocrx_word' id='word_1_61' title='bbox 845 1198 916 1259; x_wconf 88' lang='lat' dir='ltr'>loco</span> <span class='ocrx_word' id='word_1_62' title='bbox 936 1180 1114 1280; x_wconf 52' lang='lat' dir='ltr'>esset‘cog·</span> 
     </span>
     <span class='ocr_line' id='line_1_10' title="bbox 51 1294 1115 1388; baseline 0.011 -32"><span class='ocrx_word' id='word_1_63' title='bbox 51 1294 156 1370; x_wconf 87' lang='lat' dir='ltr'>nitor,</span> <span class='ocrx_word' id='word_1_64' title='bbox 171 1296 232 1357; x_wconf 87' lang='lat' dir='ltr'>lite</span> <span class='ocrx_word' id='word_1_65' title='bbox 243 1311 374 1378; x_wconf 85' lang='lat' dir='ltr'>peraeta</span> <span class='ocrx_word' id='word_1_66' title='bbox 387 1300 458 1382; x_wconf 89' lang='lat' dir='ltr'>ipse</span> <span class='ocrx_word' id='word_1_67' title='bbox 469 1301 617 1364; x_wconf 89' lang='lat' dir='ltr'>dominns</span> <span class='ocrx_word' id='word_1_68' title='bbox 630 1307 731 1386; x_wconf 84' lang='lat' dir='ltr'>egisse</span> <span class='ocrx_word' id='word_1_69' title='bbox 742 1303 920 1367; x_wconf 87' lang='lat' dir='ltr'>videretur.</span> <span class='ocrx_word' id='word_1_70' title='bbox 934 1305 970 1384; x_wconf 86' lang='lat'>⁷)</span> <span class='ocrx_word' id='word_1_71' title='bbox 1002 1309 1115 1388; x_wconf 81' lang='lat' dir='ltr'>ltaque</span> 
     </span>
     <span class='ocr_line' id='line_1_11' title="bbox 53 1404 1116 1488; baseline 0.014 -27"><span class='ocrx_word' id='word_1_72' title='bbox 53 1404 223 1482; x_wconf 78' lang='lat' dir='ltr'>cognitor,</span> <span class='ocrx_word' id='word_1_73' title='bbox 255 1408 331 1485; x_wconf 88' lang='lat' dir='ltr'>quia</span> <span class='ocrx_word' id='word_1_74' title='bbox 360 1406 484 1469; x_wconf 88' lang='lat' dir='ltr'>domini</span> <span class='ocrx_word' id='word_1_75' title='bbox 512 1411 583 1472; x_wconf 89' lang='lat' dir='ltr'>loco</span> <span class='ocrx_word' id='word_1_76' title='bbox 609 1423 698 1482; x_wconf 89' lang='lat' dir='ltr'>erat,</span> <span class='ocrx_word' id='word_1_77' title='bbox 726 1413 852 1473; x_wconf 84' lang='lat' dir='ltr'>remia</span> <span class='ocrx_word' id='word_1_78' title='bbox 875 1412 1036 1488; x_wconf 88' lang='lat' dir='ltr'>judicium</span> <span class='ocrx_word' id='word_1_79' title='bbox 1060 1414 1116 1475; x_wconf 91' lang='lat' dir='ltr'>de·</span> 
     </span>
     <span class='ocr_line' id='line_1_12' title="bbox 53 1496 1115 1592; baseline 0.011 -21"><span class='ocrx_word' id='word_1_80' title='bbox 53 1509 168 1585; x_wconf 87' lang='lat' dir='ltr'>duxit,</span> <span class='ocrx_word' id='word_1_81' title='bbox 196 1496 301 1592; x_wconf 87' lang='lat' dir='ltr'>neque</span> <span class='ocrx_word' id='word_1_82' title='bbox 323 1533 394 1577; x_wconf 91' lang='lat' dir='ltr'>rem</span> <span class='ocrx_word' id='word_1_83' title='bbox 419 1526 524 1578; x_wconf 86' lang='lat' dir='ltr'>ratam</span> <span class='ocrx_word' id='word_1_84' title='bbox 548 1517 738 1580; x_wconf 86' lang='lat' dir='ltr'>habitururn</span> <span class='ocrx_word' id='word_1_85' title='bbox 763 1519 933 1583; x_wconf 89' lang='lat' dir='ltr'>dominum</span> <span class='ocrx_word' id='word_1_86' title='bbox 957 1523 1115 1583; x_wconf 79' lang='lat' dir='ltr'>satisdare</span> 
     </span>
     <span class='ocr_line' id='line_1_13' title="bbox 54 1604 1115 1708; baseline 0.009 -30"><span class='ocrx_word' id='word_1_87' title='bbox 54 1604 278 1700; x_wconf 49' lang='lat' dir='ltr'>cogi&#39;potuit3</span> <span class='ocrx_word' id='word_1_88' title='bbox 306 1615 339 1697; x_wconf 81' lang='lat'>⁸)</span> <span class='ocrx_word' id='word_1_89' title='bbox 376 1626 454 1704; x_wconf 87' lang='lat' dir='ltr'>quia</span> <span class='ocrx_word' id='word_1_90' title='bbox 476 1646 553 1688; x_wconf 89' lang='lat' dir='ltr'>vero</span> <span class='ocrx_word' id='word_1_91' title='bbox 575 1627 647 1708; x_wconf 90' lang='lat' dir='ltr'>ipse</span> <span class='ocrx_word' id='word_1_92' title='bbox 670 1628 822 1689; x_wconf 89' lang='lat' dir='ltr'>dominns</span> <span class='ocrx_word' id='word_1_93' title='bbox 846 1647 908 1689; x_wconf 88' lang='lat' dir='ltr'>non</span> <span class='ocrx_word' id='word_1_94' title='bbox 934 1641 1023 1699; x_wconf 88' lang='lat' dir='ltr'>erat,</span> <span class='ocrx_word' id='word_1_95' title='bbox 1057 1604 1115 1689; x_wconf 90' lang='lat' dir='ltr'>sed</span> 
     </span>
     <span class='ocr_line' id='line_1_14' title="bbox 59 1725 1113 1815; baseline 0.009 -28"><span class='ocrx_word' id='word_1_96' title='bbox 59 1725 181 1788; x_wconf 89' lang='lat' dir='ltr'>domini</span> <span class='ocrx_word' id='word_1_97' title='bbox 207 1739 336 1791; x_wconf 88' lang='lat' dir='ltr'>tantum</span> <span class='ocrx_word' id='word_1_98' title='bbox 362 1731 456 1807; x_wconf 89' lang='lat' dir='ltr'>loeo,</span> <span class='ocrx_word' id='word_1_99' title='bbox 491 1743 524 1795; x_wconf 87' lang='lat' dir='ltr'>et</span> <span class='ocrx_word' id='word_1_100' title='bbox 550 1745 624 1814; x_wconf 92' lang='lat' dir='ltr'>post</span> <span class='ocrx_word' id='word_1_101' title='bbox 650 1735 743 1795; x_wconf 89' lang='lat' dir='ltr'>litem</span> <span class='ocrx_word' id='word_1_102' title='bbox 766 1746 934 1813; x_wconf 88' lang='lat' dir='ltr'>peractam</span> <span class='ocrx_word' id='word_1_103' title='bbox 961 1737 1032 1815; x_wconf 92' lang='lat' dir='ltr'>ipse</span> <span class='ocrx_word' id='word_1_104' title='bbox 1059 1735 1113 1796; x_wconf 90' lang='lat' dir='ltr'>do·</span> 
     </span>
     <span class='ocr_line' id='line_1_15' title="bbox 56 1822 1166 1915; baseline 0.008 -18"><span class='ocrx_word' id='word_1_105' title='bbox 56 1835 163 1897; x_wconf 87' lang='lat' dir='ltr'>minus</span> <span class='ocrx_word' id='word_1_106' title='bbox 186 1837 291 1915; x_wconf 85' lang='lat' dir='ltr'>egisse</span> <span class='ocrx_word' id='word_1_107' title='bbox 317 1839 506 1903; x_wconf 81' lang='lat' dir='ltr'>videbatur:</span> <span class='ocrx_word' id='word_1_108' title='bbox 533 1842 561 1903; x_wconf 90' lang='lat' dir='ltr'>si</span> <span class='ocrx_word' id='word_1_109' title='bbox 583 1841 623 1902; x_wconf 91' lang='lat' dir='ltr'>ad</span> <span class='ocrx_word' id='word_1_110' title='bbox 644 1839 883 1901; x_wconf 81' lang='lat' dir='ltr'>defendendum</span> <span class='ocrx_word' id='word_1_111' title='bbox 904 1854 973 1903; x_wconf 90' lang='lat' dir='ltr'>erat</span> <span class='ocrx_word' id='word_1_112' title='bbox 995 1846 1113 1905; x_wconf 89' lang='lat' dir='ltr'>consti·</span> <span class='ocrx_word' id='word_1_113' title='bbox 1161 1822 1166 1827; x_wconf 37' lang='grc'><strong>’</strong></span> 
     </span>
     <span class='ocr_line' id='line_1_16' title="bbox 56 1945 1112 2026; baseline 0.009 -23"><span class='ocrx_word' id='word_1_114' title='bbox 56 1950 157 2016; x_wconf 89' lang='lat' dir='ltr'>tutus,</span> <span class='ocrx_word' id='word_1_115' title='bbox 186 1963 250 2005; x_wconf 89' lang='lat' dir='ltr'>non</span> <span class='ocrx_word' id='word_1_116' title='bbox 278 1945 358 2026; x_wconf 85' lang='lat' dir='ltr'>ipse,</span> <span class='ocrx_word' id='word_1_117' title='bbox 385 1948 440 2008; x_wconf 88' lang='lat' dir='ltr'>sed</span> <span class='ocrx_word' id='word_1_118' title='bbox 467 1950 617 2010; x_wconf 87' lang='lat' dir='ltr'>dominus</span> <span class='ocrx_word' id='word_1_119' title='bbox 642 1947 822 2025; x_wconf 81' lang='lat' dir='ltr'>judicatum</span> <span class='ocrx_word' id='word_1_120' title='bbox 848 1949 930 2010; x_wconf 87' lang='lat' dir='ltr'>solvi</span> <span class='ocrx_word' id='word_1_121' title='bbox 956 1952 1112 2012; x_wconf 87' lang='lat' dir='ltr'>satisdare</span> 
     </span>
     <span class='ocr_line' id='line_1_17' title="bbox 54 2049 1113 2139; baseline 0.007 -28"><span class='ocrx_word' id='word_1_122' title='bbox 54 2049 240 2128; x_wconf 85' lang='lat' dir='ltr'>iubebatur,</span> <span class='ocrx_word' id='word_1_123' title='bbox 253 2050 287 2125; x_wconf 85' lang='lat'>⁹)</span> <span class='ocrx_word' id='word_1_124' title='bbox 311 2063 343 2114; x_wconf 89' lang='lat' dir='ltr'>et</span> <span class='ocrx_word' id='word_1_125' title='bbox 366 2054 426 2115; x_wconf 88' lang='lat' dir='ltr'>lite</span> <span class='ocrx_word' id='word_1_126' title='bbox 445 2052 587 2136; x_wconf 69' lang='lat' dir='ltr'>peraeta,</span> <span class='ocrx_word' id='word_1_127' title='bbox 606 2057 684 2117; x_wconf 91' lang='lat' dir='ltr'>licet</span> <span class='ocrx_word' id='word_1_128' title='bbox 705 2059 775 2139; x_wconf 89' lang='lat' dir='ltr'>ipse</span> <span class='ocrx_word' id='word_1_129' title='bbox 796 2056 890 2117; x_wconf 86' lang='lat' dir='ltr'>litem</span> <span class='ocrx_word' id='word_1_130' title='bbox 913 2067 1113 2135; x_wconf 80' lang='lat' dir='ltr'>contestatus</span> 
     </span>
     <span class='ocr_line' id='line_1_18' title="bbox 57 2140 1162 2243; baseline 0.007 -23"><span class='ocrx_word' id='word_1_131' title='bbox 57 2169 160 2235; x_wconf 92' lang='lat' dir='ltr'>esset,</span> <span class='ocrx_word' id='word_1_132' title='bbox 184 2157 318 2239; x_wconf 78' lang='lat' dir='ltr'>iudicati</span> <span class='ocrx_word' id='word_1_133' title='bbox 341 2163 423 2222; x_wconf 88' lang='lat' dir='ltr'>actio</span> <span class='ocrx_word' id='word_1_134' title='bbox 446 2163 476 2224; x_wconf 87' lang='lat' dir='ltr'>ei</span> <span class='ocrx_word' id='word_1_135' title='bbox 497 2140 552 2224; x_wconf 76' lang='lat' dir='ltr'>vel</span> <span class='ocrx_word' id='word_1_136' title='bbox 574 2165 608 2223; x_wconf 91' lang='lat' dir='ltr'>in</span> <span class='ocrx_word' id='word_1_137' title='bbox 630 2184 703 2226; x_wconf 88' lang='lat' dir='ltr'>eum</span> <span class='ocrx_word' id='word_1_138' title='bbox 723 2183 788 2223; x_wconf 92' lang='lat' dir='ltr'>non</span> <span class='ocrx_word' id='word_1_139' title='bbox 808 2158 1031 2243; x_wconf 81' lang='lat' dir='ltr'>oor&#39;npetebat,</span> <span class='ocrx_word' id='word_1_140' title='bbox 1056 2166 1114 2228; x_wconf 90' lang='lat' dir='ltr'>sed</span> <span class='ocrx_word' id='word_1_141' title='bbox 1156 2166 1162 2175; x_wconf 76' lang='grc'><em>’</em></span> 
     </span>
     <span class='ocr_line' id='line_1_19' title="bbox 55 2266 1112 2350; baseline 0.007 -26"><span class='ocrx_word' id='word_1_142' title='bbox 55 2274 187 2329; x_wconf 88' lang='lat' dir='ltr'>tentum</span> <span class='ocrx_word' id='word_1_143' title='bbox 212 2266 341 2330; x_wconf 87' lang='lat' dir='ltr'>domino</span> <span class='ocrx_word' id='word_1_144' title='bbox 370 2281 402 2331; x_wconf 89' lang='lat' dir='ltr'>et</span> <span class='ocrx_word' id='word_1_145' title='bbox 426 2270 462 2330; x_wconf 94' lang='lat' dir='ltr'>in</span> <span class='ocrx_word' id='word_1_146' title='bbox 486 2269 666 2331; x_wconf 89' lang='lat' dir='ltr'>dominum.</span> <span class='ocrx_word' id='word_1_147' title='bbox 722 2271 823 2350; x_wconf 86' lang='lat' dir='ltr'>quue</span> <span class='ocrx_word' id='word_1_148' title='bbox 849 2270 916 2345; x_wconf 83' lang='lat' dir='ltr'>jam</span> <span class='ocrx_word' id='word_1_149' title='bbox 945 2269 985 2330; x_wconf 90' lang='lat' dir='ltr'>ab</span> <span class='ocrx_word' id='word_1_150' title='bbox 1012 2270 1112 2332; x_wconf 90' lang='lat' dir='ltr'>initio</span> 
     </span>
     <span class='ocr_line' id='line_1_20' title="bbox 60 2354 1112 2462; baseline 0.002 -26"><span class='ocrx_word' id='word_1_151' title='bbox 60 2377 104 2436; x_wconf 87' lang='lat' dir='ltr'>ita</span> <span class='ocrx_word' id='word_1_152' title='bbox 130 2354 206 2436; x_wconf 69' lang='lat' dir='ltr'>sese</span> <span class='ocrx_word' id='word_1_153' title='bbox 218 2374 380 2462; x_wconf 77' lang='lat' dir='ltr'>&#39;babuisse</span> <span class='ocrx_word' id='word_1_154' title='bbox 407 2386 580 2458; x_wconf 87' lang='lat' dir='ltr'>putamus,</span> <span class='ocrx_word' id='word_1_155' title='bbox 611 2396 711 2457; x_wconf 85' lang='lat' dir='ltr'>quum</span> <span class='ocrx_word' id='word_1_156' title='bbox 738 2396 775 2438; x_wconf 86' lang='lat' dir='ltr'>ea</span> <span class='ocrx_word' id='word_1_157' title='bbox 799 2386 884 2437; x_wconf 87' lang='lat' dir='ltr'>esset</span> <span class='ocrx_word' id='word_1_158' title='bbox 909 2377 1112 2453; x_wconf 80' lang='lat' dir='ltr'>cognitorum</span> 
     </span>
     <span class='ocr_line' id='line_1_21' title="bbox 62 2459 1114 2567; baseline 0 -23"><span class='ocrx_word' id='word_1_159' title='bbox 62 2462 173 2563; x_wconf 87' lang='lat' dir='ltr'>origo,</span> <span class='ocrx_word' id='word_1_160' title='bbox 196 2493 234 2545; x_wconf 84' lang='lat' dir='ltr'>ut</span> <span class='ocrx_word' id='word_1_161' title='bbox 257 2485 387 2544; x_wconf 90' lang='lat' dir='ltr'>nonnisi</span> <span class='ocrx_word' id='word_1_162' title='bbox 407 2484 464 2544; x_wconf 90' lang='lat' dir='ltr'>liti</span> <span class='ocrx_word' id='word_1_163' title='bbox 488 2483 691 2567; x_wconf 88' lang='lat' dir='ltr'>peragendas</span> <span class='ocrx_word' id='word_1_164' title='bbox 716 2459 1013 2556; x_wconf 78' lang='lat' dir='ltr'>constituerentur,</span> <span class='ocrx_word' id='word_1_165' title='bbox 1037 2460 1114 2566; x_wconf 85' lang='lat' dir='ltr'>plus</span> 
     </span>
     <span class='ocr_line' id='line_1_22' title="bbox 63 2569 1164 2672; baseline 0.002 -22"><span class='ocrx_word' id='word_1_166' title='bbox 63 2591 162 2670; x_wconf 86' lang='lat' dir='ltr'>igitur</span> <span class='ocrx_word' id='word_1_167' title='bbox 186 2590 271 2668; x_wconf 85' lang='lat' dir='ltr'>juris</span> <span class='ocrx_word' id='word_1_168' title='bbox 296 2592 331 2653; x_wconf 89' lang='lat' dir='ltr'>in</span> <span class='ocrx_word' id='word_1_169' title='bbox 357 2611 413 2654; x_wconf 89' lang='lat' dir='ltr'>eos</span> <span class='ocrx_word' id='word_1_170' title='bbox 437 2610 502 2651; x_wconf 89' lang='lat' dir='ltr'>non</span> <span class='ocrx_word' id='word_1_171' title='bbox 526 2592 747 2671; x_wconf 79' lang='lat' dir='ltr'>conferretur3</span> <span class='ocrx_word' id='word_1_172' title='bbox 771 2590 857 2652; x_wconf 91' lang='lat' dir='ltr'>unde</span> <span class='ocrx_word' id='word_1_173' title='bbox 882 2591 982 2652; x_wconf 89' lang='lat' dir='ltr'>etiam</span> <span class='ocrx_word' id='word_1_174' title='bbox 1007 2609 1112 2672; x_wconf 83' lang='lat' dir='ltr'>neque</span> <span class='ocrx_word' id='word_1_175' title='bbox 1160 2569 1164 2574; x_wconf 73' lang='lat'>,</span> 
     </span>
     <span class='ocr_line' id='line_1_23' title="bbox 65 2684 1211 2779; baseline -0.002 -19"><span class='ocrx_word' id='word_1_176' title='bbox 65 2698 97 2761; x_wconf 89' lang='lat' dir='ltr'>de</span> <span class='ocrx_word' id='word_1_177' title='bbox 117 2709 192 2762; x_wconf 87' lang='lat' dir='ltr'>rato</span> <span class='ocrx_word' id='word_1_178' title='bbox 215 2718 320 2779; x_wconf 87' lang='lat' dir='ltr'>nsque</span> <span class='ocrx_word' id='word_1_179' title='bbox 336 2699 519 2776; x_wconf 81' lang='lat' dir='ltr'>judicatum</span> <span class='ocrx_word' id='word_1_180' title='bbox 541 2697 630 2763; x_wconf 85' lang='lat' dir='ltr'>solvi</span> <span class='ocrx_word' id='word_1_181' title='bbox 652 2698 810 2760; x_wconf 90' lang='lat' dir='ltr'>satisdare</span> <span class='ocrx_word' id='word_1_182' title='bbox 831 2690 1041 2778; x_wconf 81' lang='lat' dir='ltr'>cogebantur,</span> <span class='ocrx_word' id='word_1_183' title='bbox 1065 2718 1112 2761; x_wconf 90' lang='lat' dir='ltr'>sc.</span> <span class='ocrx_word' id='word_1_184' title='bbox 1208 2684 1211 2690; x_wconf 61' lang='grc'><strong>’</strong></span> 
     </span>
     <span class='ocr_line' id='line_1_24' title="bbox 66 2802 1112 2891; baseline -0.001 -23"><span class='ocrx_word' id='word_1_185' title='bbox 66 2802 133 2885; x_wconf 71' lang='lat' dir='ltr'>puta</span> <span class='ocrx_word' id='word_1_186' title='bbox 156 2825 209 2868; x_wconf 89' lang='lat' dir='ltr'>res</span> <span class='ocrx_word' id='word_1_187' title='bbox 233 2806 306 2888; x_wconf 77' lang='lat' dir='ltr'>ipsa</span> <span class='ocrx_word' id='word_1_188' title='bbox 328 2807 520 2891; x_wconf 82' lang='lat' dir='ltr'>nullatenus</span> <span class='ocrx_word' id='word_1_189' title='bbox 538 2805 581 2867; x_wconf 91' lang='lat' dir='ltr'>ad</span> <span class='ocrx_word' id='word_1_190' title='bbox 601 2818 655 2885; x_wconf 76' lang='lat' dir='ltr'>eos</span> <span class='ocrx_word' id='word_1_191' title='bbox 675 2804 872 2888; x_wconf 84' lang='lat' dir='ltr'>pertinebat.</span> <span class='ocrx_word' id='word_1_192' title='bbox 916 2804 1050 2886; x_wconf 84' lang='lat' dir='ltr'>Quodsi,</span> <span class='ocrx_word' id='word_1_193' title='bbox 1073 2818 1112 2868; x_wconf 90' lang='lat' dir='ltr'>ut</span> 
     </span>
     <span class='ocr_line' id='line_1_25' title="bbox 18 2892 1183 3002; baseline 0 -29"><span class='ocrx_word' id='word_1_194' title='bbox 18 2892 21 2899; x_wconf 39' lang='lat'><em>¹</em></span> <span class='ocrx_word' id='word_1_195' title='bbox 67 2911 170 2990; x_wconf 76' lang='lat' dir='ltr'>ec&#39;ajn</span> <span class='ocrx_word' id='word_1_196' title='bbox 190 2912 318 3002; x_wconf 35' lang='lat' dir='ltr'><strong>IV.&#39;86.</strong></span> <span class='ocrx_word' id='word_1_197' title='bbox 344 2922 488 2996; x_wconf 88' lang='lat' dir='ltr'>apparet,</span> <span class='ocrx_word' id='word_1_198' title='bbox 513 2912 737 2974; x_wconf 88' lang='lat' dir='ltr'>condemnatio</span> <span class='ocrx_word' id='word_1_199' title='bbox 758 2914 792 2975; x_wconf 90' lang='lat' dir='ltr'>in</span> <span class='ocrx_word' id='word_1_200' title='bbox 813 2913 955 2973; x_wconf 86' lang='lat' dir='ltr'>formula</span> <span class='ocrx_word' id='word_1_201' title='bbox 975 2913 1112 2974; x_wconf 88' lang='lat' dir='ltr'>actionis</span> <span class='ocrx_word' id='word_1_202' title='bbox 1180 2966 1183 2973; x_wconf 91' lang='lat'>.</span> 
     </span>
     <span class='ocr_line' id='line_1_26' title="bbox 9 2996 1140 3104; baseline 0 -25"><span class='ocrx_word' id='word_1_203' title='bbox 9 2996 21 3021; x_wconf 50' lang='lat' dir='ltr'>s</span> <span class='ocrx_word' id='word_1_204' title='bbox 67 3019 95 3079; x_wconf 91' lang='lat' dir='ltr'>in</span> <span class='ocrx_word' id='word_1_205' title='bbox 112 3018 288 3102; x_wconf 84' lang='lat' dir='ltr'>cognitoris</span> <span class='ocrx_word' id='word_1_206' title='bbox 310 3040 478 3104; x_wconf 87' lang='lat' dir='ltr'>personam</span> <span class='ocrx_word' id='word_1_207' title='bbox 500 3021 769 3088; x_wconf 87' lang='lat' dir='ltr'>convertebatur,</span> <span class='ocrx_word' id='word_1_208' title='bbox 794 3038 858 3082; x_wconf 83' lang='lat' dir='ltr'>non</span> <span class='ocrx_word' id='word_1_209' title='bbox 879 3020 1008 3091; x_wconf 87' lang='lat' dir='ltr'>obstat,</span> <span class='ocrx_word' id='word_1_210' title='bbox 1034 3020 1111 3100; x_wconf 87' lang='lat' dir='ltr'>quia</span> <span class='ocrx_word' id='word_1_211' title='bbox 1127 3020 1140 3037; x_wconf 68' lang='lat'>&#39;⁸</span> 
     </span>
     <span class='ocr_line' id='line_1_27' title="bbox 65 3127 1112 3205; baseline 0 -17"><span class='ocrx_word' id='word_1_212' title='bbox 65 3135 127 3197; x_wconf 80' lang='lat' dir='ltr'>turn</span> <span class='ocrx_word' id='word_1_213' title='bbox 152 3131 254 3191; x_wconf 84' lang='lat' dir='ltr'>etism</span> <span class='ocrx_word' id='word_1_214' title='bbox 273 3128 309 3189; x_wconf 91' lang='lat' dir='ltr'>in</span> <span class='ocrx_word' id='word_1_215' title='bbox 330 3128 468 3205; x_wconf 85' lang='lat' dir='ltr'>judicati</span> <span class='ocrx_word' id='word_1_216' title='bbox 487 3128 611 3191; x_wconf 85' lang='lat' dir='ltr'>actione</span> <span class='ocrx_word' id='word_1_217' title='bbox 631 3127 769 3190; x_wconf 91' lang='lat' dir='ltr'>intentio</span> <span class='ocrx_word' id='word_1_218' title='bbox 789 3144 806 3187; x_wconf 92' lang='lat' dir='ltr'>a</span> <span class='ocrx_word' id='word_1_219' title='bbox 828 3127 994 3205; x_wconf 87' lang='lat' dir='ltr'>cognitore</span> <span class='ocrx_word' id='word_1_220' title='bbox 1014 3129 1112 3203; x_wconf 79' lang='lat' dir='ltr'>suini,</span> 
     </span>
    </p>
   </div>
   <div class='ocr_carea' id='block_1_5' title="bbox 64 3257 267 3281">
    <p class='ocr_par' dir='ltr' id='par_1_5' title="bbox 64 3257 267 3281">
     <span class='ocr_line' id='line_1_28' title="bbox 64 3257 267 3281; baseline -0.005 0"><span class='ocrx_word' id='word_1_221' title='bbox 64 3257 267 3281; x_wconf 48' lang='lat' dir='ltr'>ss-—Pr-</span> 
     </span>
    </p>
   </div>
   <div class='ocr_carea' id='block_1_6' title="bbox 94 3318 1191 3798">
    <p class='ocr_par' dir='ltr' id='par_1_6' title="bbox 94 3318 1191 3798">
     <span class='ocr_line' id='line_1_29' title="bbox 94 3318 1191 3421; baseline 0.001 -24"><span class='ocrx_word' id='word_1_222' title='bbox 94 3347 121 3414; x_wconf 84' lang='lat'>7)</span> <span class='ocrx_word' id='word_1_223' title='bbox 139 3343 203 3397; x_wconf 81' lang='lat' dir='ltr'>luds</span> <span class='ocrx_word' id='word_1_224' title='bbox 221 3342 434 3414; x_wconf 85' lang='lat' dir='ltr'>interpretandus</span> <span class='ocrx_word' id='word_1_225' title='bbox 450 3318 527 3396; x_wconf 73' lang='lat' dir='ltr'>nobis</span> <span class='ocrx_word' id='word_1_226' title='bbox 542 3339 648 3397; x_wconf 72' lang='lat' dir='ltr'>ridetur</span> <span class='ocrx_word' id='word_1_227' title='bbox 664 3343 758 3396; x_wconf 75' lang='lat' dir='ltr'>Asson.</span> <span class='ocrx_word' id='word_1_228' title='bbox 775 3340 803 3394; x_wconf 90' lang='lat' dir='ltr'>in</span> <span class='ocrx_word' id='word_1_229' title='bbox 820 3340 878 3399; x_wconf 82' lang='lat' dir='ltr'>Cio.</span> <span class='ocrx_word' id='word_1_230' title='bbox 893 3340 1001 3417; x_wconf 54' lang='lat' dir='ltr'>diffluat,</span> <span class='ocrx_word' id='word_1_231' title='bbox 1016 3346 1040 3403; x_wconf 84' lang='lat'>§.</span> <span class='ocrx_word' id='word_1_232' title='bbox 1053 3351 1110 3400; x_wconf 76' lang='lat' dir='ltr'>tt:</span> <span class='ocrx_word' id='word_1_233' title='bbox 1150 3361 1155 3368; x_wconf 86' lang='lat'><strong>·</strong></span> <span class='ocrx_word' id='word_1_234' title='bbox 1189 3416 1191 3421; x_wconf 89' lang='lat'><em>.</em></span> 
     </span>
     <span class='ocr_line' id='line_1_30' title="bbox 126 3434 1110 3512; baseline -0.004 -20"><span class='ocrx_word' id='word_1_235' title='bbox 126 3454 226 3511; x_wconf 70' lang='lat' dir='ltr'>„cogn</span> <span class='ocrx_word' id='word_1_236' title='bbox 245 3436 292 3512; x_wconf 85' lang='lat' dir='ltr'>qni</span> <span class='ocrx_word' id='word_1_237' title='bbox 310 3437 455 3509; x_wconf 83' lang='lat' dir='ltr'>praesentis</span> <span class='ocrx_word' id='word_1_238' title='bbox 470 3455 576 3494; x_wconf 83' lang='lat' dir='ltr'>causam</span> <span class='ocrx_word' id='word_1_239' title='bbox 593 3438 676 3507; x_wconf 84' lang='lat' dir='ltr'>norit,</span> <span class='ocrx_word' id='word_1_240' title='bbox 695 3447 721 3490; x_wconf 91' lang='lat' dir='ltr'>et</span> <span class='ocrx_word' id='word_1_241' title='bbox 737 3437 775 3492; x_wconf 87' lang='lat' dir='ltr'>sie</span> <span class='ocrx_word' id='word_1_242' title='bbox 789 3434 880 3490; x_wconf 80' lang='lat' dir='ltr'>tuetur</span> <span class='ocrx_word' id='word_1_243' title='bbox 895 3447 923 3490; x_wconf 90' lang='lat' dir='ltr'>nt</span> <span class='ocrx_word' id='word_1_244' title='bbox 937 3454 1026 3502; x_wconf 64' lang='lat' dir='ltr'>suarm</span> <span class='ocrx_word' id='word_1_245' title='bbox 1044 3452 1110 3506; x_wconf 88' lang='lat' dir='ltr'>ergo</span> 
     </span>
     <span class='ocr_line' id='line_1_31' title="bbox 126 3531 1157 3606; baseline -0.004 -20"><span class='ocrx_word' id='word_1_246' title='bbox 126 3531 193 3595; x_wconf 86' lang='lat' dir='ltr'>dicit</span> <span class='ocrx_word' id='word_1_247' title='bbox 221 3534 388 3606; x_wconf 84' lang='lat' dir='ltr'>cognitorem</span> <span class='ocrx_word' id='word_1_248' title='bbox 415 3532 645 3588; x_wconf 71' lang='lat' dir='ltr'>familiarissimum</span> <span class='ocrx_word' id='word_1_249' title='bbox 670 3533 864 3590; x_wconf 60' lang='lat' dir='ltr'>defensarent</span> <span class='ocrx_word' id='word_1_250' title='bbox 897 3531 1031 3589; x_wconf 80' lang='lat' dir='ltr'>Nemees</span> <span class='ocrx_word' id='word_1_251' title='bbox 1057 3544 1109 3582; x_wconf 86' lang='lat' dir='ltr'>rna·</span> <span class='ocrx_word' id='word_1_252' title='bbox 1154 3548 1157 3552; x_wconf 75' lang='grc'>’</span> 
     </span>
     <span class='ocr_line' id='line_1_32' title="bbox 125 3621 1110 3702; baseline -0.009 -18"><span class='ocrx_word' id='word_1_253' title='bbox 125 3627 200 3684; x_wconf 79' lang='lat' dir='ltr'>xime</span> <span class='ocrx_word' id='word_1_254' title='bbox 222 3630 297 3684; x_wconf 83' lang='lat' dir='ltr'>datos</span> <span class='ocrx_word' id='word_1_255' title='bbox 320 3647 376 3685; x_wconf 87' lang='lat' dir='ltr'>esso</span> <span class='ocrx_word' id='word_1_256' title='bbox 401 3628 566 3702; x_wconf 85' lang='lat' dir='ltr'>cognitores,</span> <span class='ocrx_word' id='word_1_257' title='bbox 594 3629 641 3702; x_wconf 86' lang='lat' dir='ltr'>qui</span> <span class='ocrx_word' id='word_1_258' title='bbox 665 3628 762 3700; x_wconf 87' lang='lat' dir='ltr'>optime</span> <span class='ocrx_word' id='word_1_259' title='bbox 787 3645 843 3680; x_wconf 88' lang='lat' dir='ltr'>rem</span> <span class='ocrx_word' id='word_1_260' title='bbox 863 3621 985 3694; x_wconf 82' lang='lat' dir='ltr'>nossent,</span> <span class='ocrx_word' id='word_1_261' title='bbox 1010 3622 1110 3677; x_wconf 84' lang='lat' dir='ltr'>amicos</span> 
     </span>
     <span class='ocr_line' id='line_1_33' title="bbox 126 3719 1108 3798; baseline -0.007 -21"><span class='ocrx_word' id='word_1_262' title='bbox 126 3723 230 3798; x_wconf 80' lang='lat' dir='ltr'>igitur„</span> <span class='ocrx_word' id='word_1_263' title='bbox 251 3723 469 3783; x_wconf 75' lang='lat' dir='ltr'>verisimillimum</span> <span class='ocrx_word' id='word_1_264' title='bbox 488 3722 536 3776; x_wconf 81' lang='lat' dir='ltr'>est.</span> <span class='ocrx_word' id='word_1_265' title='bbox 572 3723 614 3782; x_wconf 73' lang='lat' dir='ltr'>Cf.</span> <span class='ocrx_word' id='word_1_266' title='bbox 639 3722 717 3776; x_wconf 88' lang='lat' dir='ltr'>etiam</span> <span class='ocrx_word' id='word_1_267' title='bbox 740 3721 795 3776; x_wconf 75' lang='lat' dir='ltr'>cte.</span> <span class='ocrx_word' id='word_1_268' title='bbox 818 3738 869 3794; x_wconf 88' lang='lat' dir='ltr'>pro</span> <span class='ocrx_word' id='word_1_269' title='bbox 891 3719 988 3775; x_wconf 83' lang='lat' dir='ltr'>Roscio</span> <span class='ocrx_word' id='word_1_270' title='bbox 1004 3736 1028 3775; x_wconf 85' lang='lat' dir='ltr'>e.</span> <span class='ocrx_word' id='word_1_271' title='bbox 1048 3727 1108 3778; x_wconf 75' lang='lat' dir='ltr'>18.t</span> 
     </span>
    </p>
   </div>
   <div class='ocr_carea' id='block_1_7' title="bbox 127 3811 1209 3895">
    <p class='ocr_par' dir='ltr' id='par_1_7' title="bbox 127 3811 1209 3895">
     <span class='ocr_line' id='line_1_34' title="bbox 127 3811 1209 3895; baseline -0.009 -21"><span class='ocrx_word' id='word_1_272' title='bbox 127 3820 213 3894; x_wconf 85' lang='lat' dir='ltr'>„quid</span> <span class='ocrx_word' id='word_1_273' title='bbox 231 3820 342 3876; x_wconf 80' lang='lat' dir='ltr'>interest</span> <span class='ocrx_word' id='word_1_274' title='bbox 354 3818 430 3875; x_wconf 70' lang='lat' dir='ltr'>‘inter</span> <span class='ocrx_word' id='word_1_275' title='bbox 447 3836 516 3890; x_wconf 81' lang='lat' dir='ltr'>eum,</span> <span class='ocrx_word' id='word_1_276' title='bbox 535 3818 581 3893; x_wconf 78' lang='lat' dir='ltr'>qui</span> <span class='ocrx_word' id='word_1_277' title='bbox 599 3835 649 3892; x_wconf 87' lang='lat' dir='ltr'>por</span> <span class='ocrx_word' id='word_1_278' title='bbox 666 3834 693 3895; x_wconf 76' lang='lat' dir='ltr'>ss</span> <span class='ocrx_word' id='word_1_279' title='bbox 711 3818 805 3893; x_wconf 84' lang='lat' dir='ltr'>litigat,</span> <span class='ocrx_word' id='word_1_280' title='bbox 825 3828 851 3873; x_wconf 87' lang='lat' dir='ltr'>st</span> <span class='ocrx_word' id='word_1_281' title='bbox 870 3815 917 3889; x_wconf 88' lang='lat' dir='ltr'>qui</span> <span class='ocrx_word' id='word_1_282' title='bbox 936 3811 1059 3886; x_wconf 88' lang='lat' dir='ltr'>cognitor</span> <span class='ocrx_word' id='word_1_283' title='bbox 1071 3821 1110 3866; x_wconf 92' lang='lat' dir='ltr'>est</span> <span class='ocrx_word' id='word_1_284' title='bbox 1206 3826 1209 3833; x_wconf 53' lang='lat'>¹</span> 
     </span>
    </p>
   </div>
   <div class='ocr_carea' id='block_1_8' title="bbox 22 3914 722 4175">
    <p class='ocr_par' dir='ltr' id='par_1_8' title="bbox 22 3914 722 4175">
     <span class='ocr_line' id='line_1_35' title="bbox 77 3914 242 3983; baseline -0.03 -9"><span class='ocrx_word' id='word_1_285' title='bbox 77 3970 85 3983; x_wconf 82' lang='lat'>,</span> <span class='ocrx_word' id='word_1_286' title='bbox 124 3914 242 3972; x_wconf 86' lang='lat' dir='ltr'>datus?“</span> 
     </span>
     <span class='ocr_line' id='line_1_36' title="bbox 22 4005 651 4103; baseline -0.027 -26"><span class='ocrx_word' id='word_1_287' title='bbox 22 4005 651 4103; x_wconf 45' lang='lat' dir='ltr'>.mfflfflnbwsmne</span> 
     </span>
     <span class='ocr_line' id='line_1_37' title="bbox 89 4102 722 4175; baseline -0.024 1"><span class='ocrx_word' id='word_1_288' title='bbox 89 4102 722 4175; x_wconf 49' lang='lat' dir='ltr'>&amp;mammwwms‘-</span> 
     </span>
    </p>
   </div>
   <div class='ocr_carea' id='block_1_9' title="bbox 0 0 1318 4726">
    <p class='ocr_par' dir='ltr' id='par_1_9' title="bbox 0 0 1318 4726">
     <span class='ocr_line' id='line_1_38' title="bbox 0 0 1318 4726; baseline 0 0"><span class='ocrx_word' id='word_1_289' title='bbox 0 0 1318 4726; x_wconf 95' lang='lat' dir='ltr'> </span> 
     </span>
    </p>
   </div>
  </div>
 </body>
</html>
