2626 4726
549 300 613 360 107

52 472 176 556 scripta
198 471 402 556 Tribonianp
429 453 776 556 fnisseexaequanda,
806 475 861 539 vix
883 440 938 541 'cst
967 485 1005 538 ut
1033 497 1103 544 mo·

50 599 199 676 neamus·
356 567 359 575 V
515 658 517 662 Ι

403 700 406 705 ’
536 697 567 788 ς.
588 717 620 777 2.

139 837 201 900 Per
219 837 491 921 mancipationem
509 843 748 904 usumfructum
768 841 808 904 ad
829 840 910 903 alios
929 822 1104 907 transferri
1210 837 1213 842 ’

55 963 123 1007 non
149 947 313 1028 potuisse,
340 946 407 1024 iam
432 967 468 1009 ex
489 932 567 1024 caj'o
590 949 777 1028 constabat3
804 947 876 1009 ideo
903 950 931 1010 si
953 953 1024 1032 qnis
1046 975 1105 1035 per

54 1071 232 1134 personas,
261 1054 327 1130 juri
350 1074 407 1116 suo
428 1054 608 1130 subjectas,
623 1056 803 1136 ‘acquirere
824 1053 945 1125 vellet,
967 1078 1046 1145 ,cum
1069 1061 1104 1119 in

54 1158 128 1237 iura
149 1159 219 1222 cedi
234 1159 277 1222 iis
299 1159 384 1220 nihil
406 1171 526 1243 posset,
549 1162 597 1221 ita
618 1180 685 1222 rem
708 1181 776 1222 esse
796 1172 974 1243 peractam,
995 1175 1108 1228 utres

56 1266 283 1347 mancipio‘iis
306 1266 393 1346 data,
418 1279 572 1348 posteaa
593 1279 741 1348 parente,
763 1268 899 1331 deducto
922 1274 1104 1343 usufructu,

57 1374 350 1458 remanciparetur,
372 1370 402 1452 i.
425 1380 475 1442 51.
497 1373 599 1435 docet.
682 1428 685 1433 .

140 1482 191 1542 De
213 1478 418 1550 interdictis,
448 1499 529 1561 quae
554 1479 796 1570 usufructuario
819 1492 850 1542 et
870 1482 906 1542 in
926 1501 1000 1542 eum
1023 1503 1106 1545 com·

57 1592 182 1671 petant,
205 1589 297 1649 tituli
320 1586 357 1648 de
378 1589 550 1685 usufructu
572 1583 620 1664 §§.
643 1586 755 1649 ultimi
776 1582 968 1668 loquuntur,
990 1591 1113 1679 quibus

58 1696 163 1756 denuo
181 1693 390 1756 confirmatur
406 1694 554 1774 Sarignii
570 1694 740 1765 sententis,
761 1695 1040 1756 usufructuarium
1059 1698 1107 1760 rei

59 1778 325 1887 usufructuariae
351 1802 582 1882 possessiouem
610 1823 672 1862 non
689 1801 835 1877 'harere3
865 1801 1106 1871 simulantem,

61 1909 95 1969 iel
117 1907 204 1991 quod
226 1911 365 1970 maxime
385 1909 457 1986 ejus
478 1910 654 1968 sentcntiae
676 1911 804 1971 obstare
817 1888 1014 1979 'videbatnm
1044 1910 1106 1969 sci-

62 2016 140 2077 licet
165 1992 297 2086 eadem,
328 2030 408 2095 quae
434 2017 629 2097 possessori,
657 2017 754 2076 etiam
775 2014 1014 2092 usufructuario
1037 2017 1108 2079 dari
1191 2068 1196 2075 .

61 2124 255 2192 interdicta,
285 2133 487 2191 removetur,
521 2143 593 2186 cum
617 2125 863 2184 ‘usufructuario
896 2136 928 2184 et
957 2125 990 2184 in
1019 2144 1104 2197 eum,

63 2231 215 2314 quoniam
236 2248 302 2290 non
324 2229 524 2310 possideret‚·
545 2230 640 2327 utilia
663 2214 790 2289 tantum
813 2229 885 2291 data
915 2250 982 2291 csse
1004 2232 1106 2291 inter·

63 2334 146 2401 dicta
168 2339 325 2418 legamus.
365 2335 553 2410 Formulam
573 2337 648 2397 talis
671 2336 836 2398 interdicti
858 2337 986 2400 exhibet
1004 2335 1033 2416 i.
1053 2347 1106 2411 90.
1177 2347 1179 2353 ’

143 2443 350 2507 Personalem
374 2442 411 2504 de
432 2447 603 2504 usufructu
624 2445 802 2520 actionem,
830 2454 886 2507 ant
908 2464 946 2504 ex
970 2447 1106 2527 stipula·
1156 2491 1159 2498 .

10 2540 13 2627 i
64 2552 163 2639 ione,
183 2563 239 2613 aut
259 2554 297 2613 ex
315 2552 421 2630 legato
440 2571 498 2632 per
515 2549 751 2612 damnationem
770 2563 886 2623 ortam,
904 2573 968 2613 non
987 2539 1108 2616 utendo

10 2662 14 2699 ·¹
66 2679 125 2720 non
150 2659 278 2728 amitti,
299 2657 354 2732 ³²)
383 2657 516 2719 Pauline
541 2654 570 2736 p.
592 2641 857 2733 46rcoofitctur,
889 2679 988 2739 quum
1010 2659 1106 2738 valde

10 2706 15 2835 Ι
67 2767 167 2829 fuisse
201 2765 402 2846 disputatam
435 2765 517 2825 hanc
552 2765 772 2845 quaestionem
804 2766 890 2827 inter.
917 2777 1040 2828 veteres
1070 2788 1109 2830 ex

31 2863 33 2866 ¹
68 2875 88 2936 l.
112 2872 164 2938 16.
192 2868 222 2950 §·
247 2884 274 2936 1.
299 2871 334 2933 0.
357 2873 396 2934 de
416 2872 521 2931 usufr.
544 2869 590 2946 (5.
613 2870 680 2946 55.)
702 2877 853 2935 sciamus:
906 2934 911 2954 ,

142 2979 218 3043 Jam
248 2980 457 3042 constitutum
488 2990 596 3040 autem
624 2978 883 3051 usumfructum,
918 3000 1011 3059 quem
1043 2999 1110 3041 non

10 3060 17 3169 Ι
68 3087 184 3150 utendo
214 3087 326 3149 cadere
347 3069 580 3147 'indubitatum
608 3091 714 3154 fuerat
744 3089 784 3166 (1.
809 3097 857 3157 16.
880 3085 974 3163 cit),
1001 3099 1108 3149 tamen
1200 3099 1208 3111 ⁸

10 3180 24 3291 ζ,
70 3216 129 3258 non
148 3196 271 3275 utendo
291 3215 356 3273 non
378 3194 502 3283 amitti,
516 3208 520 3215 “
536 3194 564 3253 'si
585 3196 618 3254 in
640 3197 777 3274 pecunia
799 3207 883 3257 esset
906 3196 1109 3268 constitutus,

10 3298 18 3411 ἰ
69 3303 306 3382 elegantissime
326 3300 435 3360 eodem
457 3300 486 3377 §.
510 3300 822 3375 defendit‚Panllus;
847 3303 999 3383 quoniam
1018 3323 1109 3363 usus·

10 3422 38 3477 Γ,
70 3409 240 3495 fructuris
261 3428 325 3469 non
347 3420 448 3486 esset,
473 3419 504 3468 et
523 3410 698 3489 pecuniae,
723 3413 843 3492 quippe
866 3428 928 3489 qus
942 3409 986 3497 in
1009 3407 1109 3469 credi·
1213 3435 1219 3444 ·

10 3480 20 3589 ἲ,
69 3527 136 3579 tum
157 3518 241 3577 itum
263 3516 328 3586 sit,
351 3516 531 3576 dominium
550 3517 740 3588 fructuarii,
762 3537 825 3578 non
845 3516 994 3587 heredis,
1014 3524 1109 3607 esset.

102 3851 148 3910 tt)
168 3842 296 3897 Similiter
312 3843 469 3919 Papinianus
486 3847 508 3912 i.
529 3855 552 3906 7·
571 3844 791 3918 personalem
808 3845 950 3923 actionem,
974 3857 1027 3914 qua
1051 3837 1111 3912 quis

77 3984 79 3989 .
135 3956 194 3994 rem
220 3948 309 4012 patera
333 3939 426 4009 possit,
453 3958 506 3993 non
525 3942 629 3999 utendo·
640 3940 725 4001 omitti
747 3950 840 4012 negat:
867 3935 1034 4012 „Quominus
1055 3953 1112 4005 pos·
1201 3968 1205 3975 -

136 4034 216 4088 sessio
242 4030 282 4087 rei
306 4033 426 4086 venditas
449 4035 567 4087 tradatur
592 4033 670 4087 emti
695 4033 845 4106 judicio,
873 4033 963 4088 decem
981 4047 1112 4086 annorum
1196 4042 1200 4048 ·

137 4127 348 4200 praescriptione
363 4144 416 4182 non
433 4125 601 4203 impeditura
804 4109 807 4113 ⁴
