2626 4726
328 1057 851 1150 Praefatiu

158 1558 356 1667 Quaestio,
380 1566 422 1643 in
446 1593 521 1667 qua
544 1568 715 1645 solvenda
734 1577 901 1644 versatur
922 1568 994 1642 hoe
1015 1590 1125 1665 opus·

59 1744 211 1838 culum,
234 1747 281 1819 ab
308 1740 443 1816 illustri
457 1729 643 1816 'thcrum
671 1739 963 1839 Tubingensium
990 1741 1124 1819 ordine

55 1935 157 1987 anno
193 1915 291 1990 1856
322 1915 469 2013 publice
496 1913 688 2012 proposita
712 1925 786 2010 est,
810 1912 1048 2009 auctorisque
1079 1914 1125 1988 de

57 2109 99 2163 ea
126 2088 388 2191 commentatio
423 2088 532 2189 digna
560 2100 614 2165 est
642 2075 787 2184 habitab
819 2087 880 2163 cui
914 2085 1141 2183 praemium.

58 2256 310 2338 addiceretur.
356 2261 446 2334 lndc
476 2261 589 2371 libelli
620 2259 739 2358 origo.
800 2261 941 2359 Quem,
966 2267 1008 2361 ut
1036 2282 1058 2332 a
1082 2256 1126 2331 ti·

58 2450 155 2503 rone
181 2430 453 2539 conscriptum,
488 2432 539 2507 ita
566 2442 708 2505 tantum
739 2430 878 2527 publici
900 2427 997 2526 juris
1023 2429 1126 2506 fecis-

60 2620 157 2693 sem,
183 2610 365 2697 quatenus
391 2603 510 2680 abiis
540 2603 622 2678 lieri
651 2606 762 2697 solet,
793 2602 859 2702 qui
889 2604 935 2677 ad
960 2626 1125 2678 summos

60 2768 209 2866 injure
239 2775 458 2881 obtinendos
486 2777 649 2850 honores
676 2774 967 2850 dissertationem
998 2775 1124 2869 edunt,

59 2943 151 3040 nisi,
175 2948 301 3023 amieis
312 3000 325 3042 ‚
355 2947 465 3039 etiam
496 2949 566 3022 Ed.
593 2949 820 3042 Schradero‚
854 2970 1000 3022 summo
1028 2946 1124 3040 viro,

61 3119 163 3193 affini
190 3145 296 3215 mec,
321 3121 577 3217 suadentibus,
605 3121 750 3196 animus
779 3119 922 3217 additus
951 3119 1044 3191 mihi
1071 3143 1125 3195 es·

62 3301 114 3364 set
121 3270 149 3385 ‚¹
172 3304 215 3366 ut
242 3295 349 3373 sclito
378 3293 419 3408 in
450 3294 555 3383 libris
593 3317 701 3367 more
732 3293 788 3369 in
808 3291 999 3390 publicum
1036 3314 1127 3364 eum-

63 3463 226 3538 emitlcrc
255 3467 441 3540 auderem.
462 3558 466 3573 Ι
493 3465 602 3564 Quod
619 3463 735 3537 ¹velim
761 3462 790 3535 ii
813 3487 861 3536 nc
884 3461 1039 3560 insuper
1060 3464 1124 3535 ha·

61 3636 190 3732 beant,
216 3636 353 3736 quibus
378 3641 473 3713 forte
495 3637 737 3711 immaturum
761 3659 856 3732 cpus
878 3659 1004 3708 meum
1026 3633 1123 3706 vide·

14 3822 32 3929 1·
60 3809 182 3905 bitur,
207 3810 450 3915 acerbiusque
475 3811 522 3885 de
548 3832 593 3884 eo
615 3806 797 3906 judicium
823 3801 1019 3885 serendum
1044 3827 1122 3878 esse

59 3986 253 4079 putabunt.
