<?xml version="1.0" encoding="UTF-8"?>
<!DOCTYPE html PUBLIC "-//W3C//DTD XHTML 1.0 Transitional//EN"
    "http://www.w3.org/TR/xhtml1/DTD/xhtml1-transitional.dtd">
<html xmlns="http://www.w3.org/1999/xhtml" xml:lang="en" lang="en">
 <head>
  <title>
</title>
<meta http-equiv="Content-Type" content="text/html;charset=utf-8" />
  <meta name='ocr-system' content='tesseract 3.04.00' />
  <meta name='ocr-capabilities' content='ocr_page ocr_carea ocr_par ocr_line ocrx_word'/>
</head>
<body>
  <div class='ocr_page' id='page_1' title='image "./quidconferantva00brungoog_0138.png"; bbox 0 0 2626 4726; ppageno 0'>
   <div class='ocr_carea' id='block_1_1' title="bbox 618 275 763 338">
    <p class='ocr_par' dir='ltr' id='par_1_1' title="bbox 618 275 763 338">
     <span class='ocr_line' id='line_1_1' title="bbox 618 275 763 338; baseline -0.014 0"><span class='ocrx_word' id='word_1_1' title='bbox 618 275 684 338; x_wconf 74' lang='lat'><strong>121</strong></span> <span class='ocrx_word' id='word_1_2' title='bbox 760 315 763 321; x_wconf 43' lang='grc' dir='ltr'>ι</span> 
     </span>
    </p>
   </div>
   <div class='ocr_carea' id='block_1_2' title="bbox 124 400 1187 542">
    <p class='ocr_par' dir='ltr' id='par_1_2' title="bbox 124 400 1187 542">
     <span class='ocr_line' id='line_1_2' title="bbox 124 400 1187 542; baseline -0.003 -26"><span class='ocrx_word' id='word_1_3' title='bbox 124 463 156 516; x_wconf 89' lang='lat' dir='ltr'><strong>et</strong></span> <span class='ocrx_word' id='word_1_4' title='bbox 185 450 291 535; x_wconf 80' lang='lat' dir='ltr'><strong>simili</strong></span> <span class='ocrx_word' id='word_1_5' title='bbox 327 466 404 511; x_wconf 84' lang='lat' dir='ltr'><strong>casu</strong></span> <span class='ocrx_word' id='word_1_6' title='bbox 436 447 476 513; x_wconf 89' lang='lat' dir='ltr'><strong>de</strong></span> <span class='ocrx_word' id='word_1_7' title='bbox 499 451 625 525; x_wconf 17' lang='lat' dir='ltr'><strong>&#39;Paullo</strong></span> <span class='ocrx_word' id='word_1_8' title='bbox 652 400 799 535; x_wconf 81' lang='lat' dir='ltr'><strong>legimus</strong></span> <span class='ocrx_word' id='word_1_9' title='bbox 829 449 854 511; x_wconf 91' lang='lat' dir='ltr'><strong>l.</strong></span> <span class='ocrx_word' id='word_1_10' title='bbox 887 450 917 512; x_wconf 80' lang='lat'><strong>5.</strong></span> <span class='ocrx_word' id='word_1_11' title='bbox 948 445 978 528; x_wconf 66' lang='lat' dir='ltr'><strong>l.</strong></span> <span class='ocrx_word' id='word_1_12' title='bbox 1011 457 1047 542; x_wconf 27' lang='grc' dir='ltr'><strong>ὅ..</strong></span> <span class='ocrx_word' id='word_1_13' title='bbox 1073 451 1117 514; x_wconf 89' lang='lat' dir='ltr'><strong>D.</strong></span> <span class='ocrx_word' id='word_1_14' title='bbox 1146 455 1187 517; x_wconf 80' lang='lat' dir='ltr'><strong>de</strong></span> 
     </span>
    </p>
   </div>
   <div class='ocr_carea' id='block_1_3' title="bbox 80 552 1268 3889">
    <p class='ocr_par' dir='ltr' id='par_1_3' title="bbox 80 552 1268 3121">
     <span class='ocr_line' id='line_1_3' title="bbox 124 552 1186 642; baseline -0.001 -18"><span class='ocrx_word' id='word_1_15' title='bbox 124 562 196 624; x_wconf 91' lang='lat' dir='ltr'><strong>doli</strong></span> <span class='ocrx_word' id='word_1_16' title='bbox 215 582 260 623; x_wconf 89' lang='lat' dir='ltr'><strong>m.</strong></span> <span class='ocrx_word' id='word_1_17' title='bbox 285 577 356 621; x_wconf 85' lang='lat' dir='ltr'><strong>exc·</strong></span> <span class='ocrx_word' id='word_1_18' title='bbox 380 552 451 635; x_wconf 71' lang='lat' dir='ltr'><strong>(tsi.</strong></span> <span class='ocrx_word' id='word_1_19' title='bbox 470 556 536 638; x_wconf 78' lang='grc'><strong>4.),</strong></span> <span class='ocrx_word' id='word_1_20' title='bbox 557 562 587 623; x_wconf 88' lang='lat' dir='ltr'><strong>ai</strong></span> <span class='ocrx_word' id='word_1_21' title='bbox 611 562 682 642; x_wconf 85' lang='lat' dir='ltr'><strong>quia</strong></span> <span class='ocrx_word' id='word_1_22' title='bbox 704 579 791 633; x_wconf 80' lang='lat' dir='ltr'><strong>eum,</strong></span> <span class='ocrx_word' id='word_1_23' title='bbox 814 557 872 639; x_wconf 92' lang='lat' dir='ltr'><strong>qui</strong></span> <span class='ocrx_word' id='word_1_24' title='bbox 893 552 993 638; x_wconf 79' lang='lat' dir='ltr'><strong>a&#39;upre</strong></span> <span class='ocrx_word' id='word_1_25' title='bbox 1016 560 1100 639; x_wconf 80' lang='lat' dir='ltr'><strong>legis</strong></span> <span class='ocrx_word' id='word_1_26' title='bbox 1119 583 1186 623; x_wconf 89' lang='lat' dir='ltr'><strong>mo·</strong></span> 
     </span>
     <span class='ocr_line' id='line_1_4' title="bbox 122 650 1184 750; baseline -0.008 -22"><span class='ocrx_word' id='word_1_27' title='bbox 122 650 201 730; x_wconf 84' lang='lat' dir='ltr'><strong>dum</strong></span> <span class='ocrx_word' id='word_1_28' title='bbox 225 667 344 728; x_wconf 89' lang='lat' dir='ltr'><strong>donare</strong></span> <span class='ocrx_word' id='word_1_29' title='bbox 367 666 483 739; x_wconf 89' lang='lat' dir='ltr'><strong>vellet,</strong></span> <span class='ocrx_word' id='word_1_30' title='bbox 507 667 548 728; x_wconf 90' lang='lat' dir='ltr'><strong>ad</strong></span> <span class='ocrx_word' id='word_1_31' title='bbox 570 689 667 731; x_wconf 88' lang='lat' dir='ltr'><strong>auum</strong></span> <span class='ocrx_word' id='word_1_32' title='bbox 690 670 796 750; x_wconf 89' lang='lat' dir='ltr'><strong>ipsius</strong></span> <span class='ocrx_word' id='word_1_33' title='bbox 821 665 1017 731; x_wconf 85' lang='lat' dir='ltr'><strong>creditorem</strong></span> <span class='ocrx_word' id='word_1_34' title='bbox 1040 669 1184 748; x_wconf 62' lang='lat' dir='ltr'><strong>delegas.</strong></span> 
     </span>
     <span class='ocr_line' id='line_1_5' title="bbox 122 774 1188 858; baseline -0.001 -19"><span class='ocrx_word' id='word_1_35' title='bbox 122 788 185 848; x_wconf 84' lang='lat' dir='ltr'><strong>set,</strong></span> <span class='ocrx_word' id='word_1_36' title='bbox 202 787 273 836; x_wconf 91' lang='lat' dir='ltr'><strong>tum</strong></span> <span class='ocrx_word' id='word_1_37' title='bbox 289 776 398 855; x_wconf 89' lang='lat' dir='ltr'><strong>ipsum</strong></span> <span class='ocrx_word' id='word_1_38' title='bbox 415 775 565 837; x_wconf 79' lang='lat' dir='ltr'><strong>donatori</strong></span> <span class='ocrx_word' id='word_1_39' title='bbox 582 777 729 858; x_wconf 85' lang='lat' dir='ltr'><strong>delegato</strong></span> <span class='ocrx_word' id='word_1_40' title='bbox 744 774 861 848; x_wconf 74' lang='lat' dir='ltr'><strong>teneri,</strong></span> <span class='ocrx_word' id='word_1_41' title='bbox 882 784 920 834; x_wconf 90' lang='lat' dir='ltr'><strong>ut</strong></span> <span class='ocrx_word' id='word_1_42' title='bbox 935 793 1010 833; x_wconf 88' lang='lat' dir='ltr'><strong>eum</strong></span> <span class='ocrx_word' id='word_1_43' title='bbox 1028 776 1188 838; x_wconf 87' lang='lat' dir='ltr'><strong>liberaret</strong></span> 
     </span>
     <span class='ocr_line' id='line_1_6' title="bbox 81 882 1186 967; baseline 0 -19"><span class='ocrx_word' id='word_1_44' title='bbox 81 907 84 914; x_wconf 86' lang='grc'><strong>’</strong></span> <span class='ocrx_word' id='word_1_45' title='bbox 122 887 159 948; x_wconf 89' lang='lat' dir='ltr'><strong>in</strong></span> <span class='ocrx_word' id='word_1_46' title='bbox 182 884 228 963; x_wconf 87' lang='lat' dir='ltr'><strong>id,</strong></span> <span class='ocrx_word' id='word_1_47' title='bbox 250 884 339 964; x_wconf 88' lang='lat' dir='ltr'><strong>quod</strong></span> <span class='ocrx_word' id='word_1_48' title='bbox 357 904 458 965; x_wconf 84' lang='lat' dir='ltr'><strong>supra</strong></span> <span class='ocrx_word' id='word_1_49' title='bbox 480 883 614 946; x_wconf 88' lang='lat' dir='ltr'><strong>modum</strong></span> <span class='ocrx_word' id='word_1_50' title='bbox 636 886 717 964; x_wconf 85' lang='lat' dir='ltr'><strong>legis</strong></span> <span class='ocrx_word' id='word_1_51' title='bbox 738 885 956 967; x_wconf 74' lang='lat' dir='ltr'><strong>promisisset.</strong></span> <span class='ocrx_word' id='word_1_52' title='bbox 1010 882 1052 946; x_wconf 90' lang='lat' dir='ltr'><strong>Hi</strong></span> <span class='ocrx_word' id='word_1_53' title='bbox 1082 886 1186 964; x_wconf 85' lang='lat' dir='ltr'><strong>igitur</strong></span> 
     </span>
     <span class='ocr_line' id='line_1_7' title="bbox 125 991 1187 1074; baseline 0.001 -20"><span class='ocrx_word' id='word_1_54' title='bbox 125 994 197 1054; x_wconf 92' lang='lat' dir='ltr'><strong>loci</strong></span> <span class='ocrx_word' id='word_1_55' title='bbox 220 1012 293 1052; x_wconf 89' lang='lat' dir='ltr'><strong>cnm</strong></span> <span class='ocrx_word' id='word_1_56' title='bbox 317 993 396 1054; x_wconf 85' lang='lat' dir='ltr'><strong>satis</strong></span> <span class='ocrx_word' id='word_1_57' title='bbox 420 1003 531 1073; x_wconf 88' lang='lat' dir='ltr'><strong>aperte</strong></span> <span class='ocrx_word' id='word_1_58' title='bbox 558 1011 626 1052; x_wconf 87' lang='lat' dir='ltr'><strong>rem</strong></span> <span class='ocrx_word' id='word_1_59' title='bbox 647 991 796 1073; x_wconf 78' lang='lat' dir='ltr'><strong>probent,</strong></span> <span class='ocrx_word' id='word_1_60' title='bbox 817 993 948 1053; x_wconf 88' lang='lat' dir='ltr'><strong>obstare</strong></span> <span class='ocrx_word' id='word_1_61' title='bbox 968 1012 1031 1053; x_wconf 90' lang='lat' dir='ltr'><strong>non</strong></span> <span class='ocrx_word' id='word_1_62' title='bbox 1050 1005 1187 1074; x_wconf 77' lang='lat' dir='ltr'>possunt</span> 
     </span>
     <span class='ocr_line' id='line_1_8' title="bbox 122 1084 1187 1181; baseline -0.001 -17"><span class='ocrx_word' id='word_1_63' title='bbox 122 1102 149 1164; x_wconf 84' lang='lat' dir='ltr'><strong>l.</strong></span> <span class='ocrx_word' id='word_1_64' title='bbox 180 1109 214 1164; x_wconf 86' lang='lat'><strong>2.</strong></span> <span class='ocrx_word' id='word_1_65' title='bbox 246 1098 276 1179; x_wconf 71' lang='lat'><strong>§-</strong></span> <span class='ocrx_word' id='word_1_66' title='bbox 310 1109 340 1163; x_wconf 85' lang='lat'><strong>1.</strong></span> <span class='ocrx_word' id='word_1_67' title='bbox 370 1106 402 1164; x_wconf 84' lang='lat'><strong>2.</strong></span> <span class='ocrx_word' id='word_1_68' title='bbox 432 1101 456 1160; x_wconf 91' lang='lat' dir='ltr'><strong>l.</strong></span> <span class='ocrx_word' id='word_1_69' title='bbox 480 1084 530 1164; x_wconf 70' lang='lat'><strong>55}</strong></span> <span class='ocrx_word' id='word_1_70' title='bbox 553 1100 595 1160; x_wconf 90' lang='lat' dir='ltr'><strong>D.</strong></span> <span class='ocrx_word' id='word_1_71' title='bbox 623 1100 662 1159; x_wconf 91' lang='lat' dir='ltr'><strong>de</strong></span> <span class='ocrx_word' id='word_1_72' title='bbox 686 1098 873 1170; x_wconf 78' lang='lat' dir='ltr'><strong>donation,</strong></span> <span class='ocrx_word' id='word_1_73' title='bbox 899 1100 1022 1179; x_wconf 81' lang='lat' dir='ltr'><strong>quippe</strong></span> <span class='ocrx_word' id='word_1_74' title='bbox 1045 1118 1127 1181; x_wconf 89' lang='lat' dir='ltr'><strong>quas</strong></span> <span class='ocrx_word' id='word_1_75' title='bbox 1148 1101 1187 1164; x_wconf 91' lang='lat' dir='ltr'><strong>de</strong></span> 
     </span>
     <span class='ocr_line' id='line_1_9' title="bbox 80 1204 1186 1286; baseline 0 -17"><span class='ocrx_word' id='word_1_76' title='bbox 80 1264 83 1269; x_wconf 78' lang='grc'>,</span> <span class='ocrx_word' id='word_1_77' title='bbox 124 1210 266 1274; x_wconf 83' lang='lat' dir='ltr'><strong>modicis</strong></span> <span class='ocrx_word' id='word_1_78' title='bbox 290 1208 524 1270; x_wconf 79' lang='lat' dir='ltr'>donationibus</span> <span class='ocrx_word' id='word_1_79' title='bbox 545 1204 761 1286; x_wconf 74' lang='lat' dir='ltr'><strong>intelligendi,</strong></span> <span class='ocrx_word' id='word_1_80' title='bbox 787 1219 862 1268; x_wconf 89' lang='lat' dir='ltr'><strong>sunt</strong></span> <span class='ocrx_word' id='word_1_81' title='bbox 883 1225 987 1286; x_wconf 92' lang='lat' dir='ltr'><strong>neque</strong></span> <span class='ocrx_word' id='word_1_82' title='bbox 1008 1208 1032 1268; x_wconf 90' lang='lat'><strong>1.</strong></span> <span class='ocrx_word' id='word_1_83' title='bbox 1053 1215 1083 1279; x_wconf 74' lang='grc' dir='ltr'><strong>ὅ.</strong></span> <span class='ocrx_word' id='word_1_84' title='bbox 1103 1204 1133 1285; x_wconf 82' lang='lat'><strong>§.</strong></span> <span class='ocrx_word' id='word_1_85' title='bbox 1154 1215 1186 1277; x_wconf 77' lang='grc'><strong>5.</strong></span> 
     </span>
     <span class='ocr_line' id='line_1_10' title="bbox 125 1313 1188 1403; baseline 0 -27"><span class='ocrx_word' id='word_1_86' title='bbox 125 1317 171 1382; x_wconf 85' lang='lat' dir='ltr'><strong>D.</strong></span> <span class='ocrx_word' id='word_1_87' title='bbox 196 1318 237 1378; x_wconf 89' lang='lat' dir='ltr'><strong>ad</strong></span> <span class='ocrx_word' id='word_1_88' title='bbox 260 1316 319 1381; x_wconf 85' lang='lat' dir='ltr'><strong>SC.</strong></span> <span class='ocrx_word' id='word_1_89' title='bbox 343 1315 509 1403; x_wconf 83' lang='lat' dir='ltr'><strong>Vellejan.</strong></span> <span class='ocrx_word' id='word_1_90' title='bbox 533 1313 599 1392; x_wconf 84' lang='lat'>(16.</span> <span class='ocrx_word' id='word_1_91' title='bbox 624 1313 689 1391; x_wconf 86' lang='lat'><strong>1.):</strong></span> <span class='ocrx_word' id='word_1_92' title='bbox 721 1315 845 1392; x_wconf 85' lang='lat' dir='ltr'><strong>„solvit</strong></span> <span class='ocrx_word' id='word_1_93' title='bbox 854 1355 876 1391; x_wconf 55' lang='lat'><strong>‚,</strong></span> <span class='ocrx_word' id='word_1_94' title='bbox 898 1316 956 1394; x_wconf 89' lang='lat' dir='ltr'><strong>qui</strong></span> <span class='ocrx_word' id='word_1_95' title='bbox 981 1335 1073 1376; x_wconf 89' lang='lat' dir='ltr'><strong>reum</strong></span> <span class='ocrx_word' id='word_1_96' title='bbox 1098 1315 1188 1377; x_wconf 90' lang='lat' dir='ltr'><strong>dele·</strong></span> 
     </span>
     <span class='ocr_line' id='line_1_11' title="bbox 123 1421 1186 1517; baseline -0.001 -32"><span class='ocrx_word' id='word_1_97' title='bbox 123 1421 222 1507; x_wconf 80' lang='lat' dir='ltr'><strong>gat;“</strong></span> <span class='ocrx_word' id='word_1_98' title='bbox 252 1424 311 1485; x_wconf 89' lang='lat' dir='ltr'><strong>ubi</strong></span> <span class='ocrx_word' id='word_1_99' title='bbox 333 1424 496 1504; x_wconf 76' lang='lat' dir='ltr'><strong>Ulpianus</strong></span> <span class='ocrx_word' id='word_1_100' title='bbox 517 1426 551 1486; x_wconf 92' lang='lat' dir='ltr'><strong>id</strong></span> <span class='ocrx_word' id='word_1_101' title='bbox 572 1435 701 1487; x_wconf 85' lang='lat' dir='ltr'><strong>tantum</strong></span> <span class='ocrx_word' id='word_1_102' title='bbox 723 1423 850 1484; x_wconf 83' lang='lat' dir='ltr'><strong>efficere</strong></span> <span class='ocrx_word' id='word_1_103' title='bbox 870 1423 963 1493; x_wconf 81' lang='lat' dir='ltr'><strong>vult,</strong></span> <span class='ocrx_word' id='word_1_104' title='bbox 992 1436 1030 1483; x_wconf 90' lang='lat' dir='ltr'><strong>nt</strong></span> <span class='ocrx_word' id='word_1_105' title='bbox 1053 1424 1186 1517; x_wconf 79' lang='lat' dir='ltr'><strong>mulier,</strong></span> 
     </span>
     <span class='ocr_line' id='line_1_12' title="bbox 123 1529 1187 1610; baseline 0 -16"><span class='ocrx_word' id='word_1_106' title='bbox 123 1532 307 1594; x_wconf 80' lang='lat' dir='ltr'><strong>debitorem</strong></span> <span class='ocrx_word' id='word_1_107' title='bbox 331 1531 510 1610; x_wconf 85' lang='lat' dir='ltr'><strong>delegando</strong></span> <span class='ocrx_word' id='word_1_108' title='bbox 536 1532 750 1607; x_wconf 79' lang='lat' dir='ltr'><strong>intercedens,</strong></span> <span class='ocrx_word' id='word_1_109' title='bbox 773 1553 810 1592; x_wconf 85' lang='lat' dir='ltr'><strong>ex</strong></span> <span class='ocrx_word' id='word_1_110' title='bbox 833 1529 891 1592; x_wconf 88' lang='lat' dir='ltr'><strong>SC.</strong></span> <span class='ocrx_word' id='word_1_111' title='bbox 917 1531 1116 1592; x_wconf 89' lang='lat' dir='ltr'><strong>condictione</strong></span> <span class='ocrx_word' id='word_1_112' title='bbox 1137 1533 1187 1594; x_wconf 91' lang='lat' dir='ltr'><strong>uti</strong></span> 
     </span>
     <span class='ocr_line' id='line_1_13' title="bbox 121 1630 1184 1730; baseline 0.001 -30"><span class='ocrx_word' id='word_1_113' title='bbox 121 1642 240 1730; x_wconf 70' lang='lat' dir='ltr'><strong>possit,</strong></span> <span class='ocrx_word' id='word_1_114' title='bbox 261 1651 297 1701; x_wconf 91' lang='lat' dir='ltr'><strong>ut</strong></span> <span class='ocrx_word' id='word_1_115' title='bbox 317 1639 477 1702; x_wconf 79' lang='lat' dir='ltr'><strong>liberetur</strong></span> <span class='ocrx_word' id='word_1_116' title='bbox 497 1639 624 1700; x_wconf 87' lang='lat' dir='ltr'><strong>debitor</strong></span> <span class='ocrx_word' id='word_1_117' title='bbox 645 1639 823 1716; x_wconf 86' lang='lat' dir='ltr'><strong>delegatus.</strong></span> <span class='ocrx_word' id='word_1_118' title='bbox 869 1630 1090 1719; x_wconf 62' lang='lat' dir='ltr'><strong>Quodsautem</strong></span> <span class='ocrx_word' id='word_1_119' title='bbox 1113 1641 1184 1721; x_wconf 89' lang='lat' dir='ltr'><strong>ipse</strong></span> 
     </span>
     <span class='ocr_line' id='line_1_14' title="bbox 123 1738 1229 1827; baseline -0.002 -17"><span class='ocrx_word' id='word_1_120' title='bbox 123 1746 284 1819; x_wconf 82' lang='lat' dir='ltr'><strong>Celsusl.</strong></span> <span class='ocrx_word' id='word_1_121' title='bbox 298 1753 356 1815; x_wconf 67' lang='lat'><strong>2¹.</strong></span> <span class='ocrx_word' id='word_1_122' title='bbox 376 1748 433 1809; x_wconf 90' lang='lat' dir='ltr'><strong>cit.</strong></span> <span class='ocrx_word' id='word_1_123' title='bbox 454 1748 546 1815; x_wconf 82' lang='lat' dir='ltr'><strong>dicis,</strong></span> <span class='ocrx_word' id='word_1_124' title='bbox 569 1747 749 1808; x_wconf 76' lang='lat' dir='ltr'><strong>debitorem</strong></span> <span class='ocrx_word' id='word_1_125' title='bbox 772 1746 954 1827; x_wconf 85' lang='lat' dir='ltr'><strong>delegatum</strong></span> <span class='ocrx_word' id='word_1_126' title='bbox 978 1747 1186 1808; x_wconf 75' lang='lat' dir='ltr'><strong>donator-ium</strong></span> <span class='ocrx_word' id='word_1_127' title='bbox 1218 1738 1229 1747; x_wconf 64' lang='grc'><strong><em>’</em></strong></span> 
     </span>
     <span class='ocr_line' id='line_1_15' title="bbox 124 1844 1186 1938; baseline -0.004 -21"><span class='ocrx_word' id='word_1_128' title='bbox 124 1844 277 1935; x_wconf 80' lang='lat' dir='ltr'><strong>agentem</strong></span> <span class='ocrx_word' id='word_1_129' title='bbox 308 1856 497 1935; x_wconf 82' lang='lat' dir='ltr'><strong>exceptione</strong></span> <span class='ocrx_word' id='word_1_130' title='bbox 527 1855 610 1935; x_wconf 84' lang='lat' dir='ltr'><strong>legis</strong></span> <span class='ocrx_word' id='word_1_131' title='bbox 642 1854 767 1918; x_wconf 83' lang='lat' dir='ltr'><strong>Cinciae</strong></span> <span class='ocrx_word' id='word_1_132' title='bbox 797 1854 956 1935; x_wconf 83' lang='lat' dir='ltr'><strong>repellere</strong></span> <span class='ocrx_word' id='word_1_133' title='bbox 986 1875 1050 1916; x_wconf 88' lang='lat' dir='ltr'><strong>nou</strong></span> <span class='ocrx_word' id='word_1_134' title='bbox 1080 1873 1186 1938; x_wconf 79' lang='lat' dir='ltr'><strong>posse,</strong></span> 
     </span>
     <span class='ocr_line' id='line_1_16' title="bbox 124 1942 1220 2044; baseline 0.003 -21"><span class='ocrx_word' id='word_1_135' title='bbox 124 1942 224 2044; x_wconf 62' lang='lat' dir='ltr'><strong>„quia</strong></span> <span class='ocrx_word' id='word_1_136' title='bbox 246 1962 381 2044; x_wconf 70' lang='lat' dir='ltr'><strong>perdide</strong></span> <span class='ocrx_word' id='word_1_137' title='bbox 405 1975 508 2035; x_wconf 87' lang='lat' dir='ltr'><strong>esset,</strong></span> <span class='ocrx_word' id='word_1_138' title='bbox 535 1963 628 2042; x_wconf 88' lang='lat' dir='ltr'><strong>quasi</strong></span> <span class='ocrx_word' id='word_1_139' title='bbox 648 1974 790 2025; x_wconf 86' lang='lat' dir='ltr'><strong>exactam</strong></span> <span class='ocrx_word' id='word_1_140' title='bbox 812 1983 830 2024; x_wconf 88' lang='lat' dir='ltr'><strong>a</strong></span> <span class='ocrx_word' id='word_1_141' title='bbox 855 1963 1001 2024; x_wconf 88' lang='lat' dir='ltr'><strong>debitore</strong></span> <span class='ocrx_word' id='word_1_142' title='bbox 1024 1983 1189 2027; x_wconf 86' lang='lat' dir='ltr'><strong>summam</strong></span> <span class='ocrx_word' id='word_1_143' title='bbox 1219 2009 1220 2012; x_wconf 63' lang='lat'>,</span> 
     </span>
     <span class='ocr_line' id='line_1_17' title="bbox 126 2069 1184 2152; baseline 0 -21"><span class='ocrx_word' id='word_1_144' title='bbox 126 2070 300 2132; x_wconf 85' lang='lat' dir='ltr'><strong>donaverit</strong></span> <span class='ocrx_word' id='word_1_145' title='bbox 331 2070 466 2132; x_wconf 87' lang='lat' dir='ltr'><strong>donator</strong></span> <span class='ocrx_word' id='word_1_146' title='bbox 495 2071 584 2150; x_wconf 78' lang='lat' dir='ltr'><strong>(quo</strong></span> <span class='ocrx_word' id='word_1_147' title='bbox 613 2072 699 2131; x_wconf 81' lang='lat' dir='ltr'><strong>facto</strong></span> <span class='ocrx_word' id='word_1_148' title='bbox 724 2071 913 2152; x_wconf 83' lang='lat' dir='ltr'><strong>perfecisset</strong></span> <span class='ocrx_word' id='word_1_149' title='bbox 939 2069 1184 2148; x_wconf 84' lang='lat' dir='ltr'><strong>donationem),</strong></span> 
     </span>
     <span class='ocr_line' id='line_1_18' title="bbox 128 2175 1186 2262; baseline 0.001 -25"><span class='ocrx_word' id='word_1_150' title='bbox 128 2186 161 2262; x_wconf 81' lang='lat' dir='ltr'><strong>et</strong></span> <span class='ocrx_word' id='word_1_151' title='bbox 179 2175 365 2239; x_wconf 80' lang='lat' dir='ltr'><strong>donatarius</strong></span> <span class='ocrx_word' id='word_1_152' title='bbox 384 2178 480 2239; x_wconf 87' lang='lat' dir='ltr'><strong>illam</strong></span> <span class='ocrx_word' id='word_1_153' title='bbox 496 2177 667 2238; x_wconf 84' lang='lat' dir='ltr'><strong>crediderit</strong></span> <span class='ocrx_word' id='word_1_154' title='bbox 682 2176 1031 2258; x_wconf 69' lang='lat' dir='ltr'><strong>debitori‘delegato;“</strong></span> <span class='ocrx_word' id='word_1_155' title='bbox 1051 2178 1186 2259; x_wconf 90' lang='lat' dir='ltr'><strong>respicit</strong></span> 
     </span>
     <span class='ocr_line' id='line_1_19' title="bbox 126 2267 1186 2366; baseline -0.004 -18"><span class='ocrx_word' id='word_1_156' title='bbox 126 2267 306 2357; x_wconf 74' lang='lat' dir='ltr'><strong>idrontum,</strong></span> <span class='ocrx_word' id='word_1_157' title='bbox 330 2305 413 2366; x_wconf 85' lang='lat' dir='ltr'><strong>quoe</strong></span> <span class='ocrx_word' id='word_1_158' title='bbox 432 2272 714 2347; x_wconf 74' lang='lat' dir='ltr'><strong>rasio&#39;insercedas</strong></span> <span class='ocrx_word' id='word_1_159' title='bbox 737 2287 823 2346; x_wconf 90' lang='lat' dir='ltr'><strong>inter</strong></span> <span class='ocrx_word' id='word_1_160' title='bbox 845 2286 1050 2349; x_wconf 85' lang='lat' dir='ltr'><strong>donaterium</strong></span> <span class='ocrx_word' id='word_1_161' title='bbox 1073 2297 1105 2343; x_wconf 89' lang='lat' dir='ltr'><strong>et</strong></span> <span class='ocrx_word' id='word_1_162' title='bbox 1121 2267 1186 2344; x_wconf 40' lang='lat' dir='ltr'><strong>&#39;de-</strong></span> 
     </span>
     <span class='ocr_line' id='line_1_20' title="bbox 110 2383 1185 2475; baseline -0.007 -17"><span class='ocrx_word' id='word_1_163' title='bbox 110 2391 271 2458; x_wconf 81' lang='lat' dir='ltr'><strong>-bisorem</strong></span> <span class='ocrx_word' id='word_1_164' title='bbox 306 2392 509 2470; x_wconf 82' lang='lat' dir='ltr'><strong>delegatum,</strong></span> <span class='ocrx_word' id='word_1_165' title='bbox 545 2386 668 2475; x_wconf 75' lang='lat' dir='ltr'><strong>negans</strong></span> <span class='ocrx_word' id='word_1_166' title='bbox 705 2383 907 2462; x_wconf 79' lang='lat' dir='ltr'><strong>scit.,&#39;huic</strong></span> <span class='ocrx_word' id='word_1_167' title='bbox 942 2393 1023 2472; x_wconf 83' lang='lat' dir='ltr'><strong>legis</strong></span> <span class='ocrx_word' id='word_1_168' title='bbox 1056 2391 1185 2452; x_wconf 90' lang='lat' dir='ltr'><strong>Cinciae</strong></span> 
     </span>
     <span class='ocr_line' id='line_1_21' title="bbox 126 2481 1268 2581; baseline 0.001 -23"><span class='ocrx_word' id='word_1_169' title='bbox 126 2501 353 2578; x_wconf 85' lang='lat' dir='ltr'><strong>exceptionem</strong></span> <span class='ocrx_word' id='word_1_170' title='bbox 377 2513 561 2581; x_wconf 85' lang='lat' dir='ltr'><strong>competere</strong></span> <span class='ocrx_word' id='word_1_171' title='bbox 584 2502 717 2570; x_wconf 85' lang='lat' dir='ltr'><strong>(merito</strong></span> <span class='ocrx_word' id='word_1_172' title='bbox 743 2500 912 2573; x_wconf 77' lang='lat' dir='ltr'><strong>videlicet,</strong></span> <span class='ocrx_word' id='word_1_173' title='bbox 942 2500 1098 2580; x_wconf 84' lang='lat' dir='ltr'><strong>quonism</strong></span> <span class='ocrx_word' id='word_1_174' title='bbox 1117 2500 1186 2580; x_wconf 90' lang='lat' dir='ltr'><strong>ipse</strong></span> <span class='ocrx_word' id='word_1_175' title='bbox 1265 2481 1268 2484; x_wconf 32' lang='grc'>’</span> 
     </span>
     <span class='ocr_line' id='line_1_22' title="bbox 87 2588 1251 2690; baseline 0.001 -23"><span class='ocrx_word' id='word_1_176' title='bbox 87 2606 377 2690; x_wconf 52' lang='lat' dir='ltr'><strong>&#39;nondonavih</strong></span> <span class='ocrx_word' id='word_1_177' title='bbox 412 2608 468 2669; x_wconf 90' lang='lat' dir='ltr'><strong>sed</strong></span> <span class='ocrx_word' id='word_1_178' title='bbox 499 2607 644 2671; x_wconf 87' lang='lat' dir='ltr'><strong>debitum</strong></span> <span class='ocrx_word' id='word_1_179' title='bbox 679 2605 808 2682; x_wconf 80' lang='lat' dir='ltr'><strong>solvit).</strong></span> <span class='ocrx_word' id='word_1_180' title='bbox 845 2588 963 2687; x_wconf 78' lang='lat' dir='ltr'><strong>¹Quare</strong></span> <span class='ocrx_word' id='word_1_181' title='bbox 987 2608 1085 2670; x_wconf 77' lang='lat' dir='ltr'><strong>verba</strong></span> <span class='ocrx_word' id='word_1_182' title='bbox 1122 2607 1186 2668; x_wconf 84' lang='lat' dir='ltr'><strong>illa</strong></span> <span class='ocrx_word' id='word_1_183' title='bbox 1247 2590 1251 2603; x_wconf 49' lang='lat'>¹</span> 
     </span>
     <span class='ocr_line' id='line_1_23' title="bbox 125 2713 1262 2796; baseline -0.002 -21"><span class='ocrx_word' id='word_1_184' title='bbox 125 2715 226 2780; x_wconf 88' lang='lat' dir='ltr'><strong>etiam</strong></span> <span class='ocrx_word' id='word_1_185' title='bbox 250 2717 289 2777; x_wconf 90' lang='lat' dir='ltr'><strong>de</strong></span> <span class='ocrx_word' id='word_1_186' title='bbox 313 2717 477 2787; x_wconf 85' lang='lat' dir='ltr'><strong>donatore,</strong></span> <span class='ocrx_word' id='word_1_187' title='bbox 500 2719 592 2796; x_wconf 86' lang='lat' dir='ltr'><strong>quasi</strong></span> <span class='ocrx_word' id='word_1_188' title='bbox 616 2719 712 2778; x_wconf 87' lang='lat' dir='ltr'><strong>etiam</strong></span> <span class='ocrx_word' id='word_1_189' title='bbox 728 2719 814 2777; x_wconf 89' lang='lat' dir='ltr'><strong>inter</strong></span> <span class='ocrx_word' id='word_1_190' title='bbox 832 2735 904 2776; x_wconf 91' lang='lat' dir='ltr'><strong>eum</strong></span> <span class='ocrx_word' id='word_1_191' title='bbox 924 2726 956 2774; x_wconf 92' lang='lat' dir='ltr'><strong>et</strong></span> <span class='ocrx_word' id='word_1_192' title='bbox 971 2713 1185 2780; x_wconf 73' lang='lat' dir='ltr'><strong>donatur-ium</strong></span> <span class='ocrx_word' id='word_1_193' title='bbox 1258 2768 1262 2773; x_wconf 93' lang='lat'>.</span> 
     </span>
     <span class='ocr_line' id='line_1_24' title="bbox 123 2819 1245 2906; baseline -0.004 -24"><span class='ocrx_word' id='word_1_194' title='bbox 123 2820 264 2902; x_wconf 81' lang='lat' dir='ltr'><strong>perinde</strong></span> <span class='ocrx_word' id='word_1_195' title='bbox 294 2822 328 2882; x_wconf 93' lang='lat' dir='ltr'><strong>id</strong></span> <span class='ocrx_word' id='word_1_196' title='bbox 358 2836 459 2898; x_wconf 88' lang='lat' dir='ltr'><strong>esset,</strong></span> <span class='ocrx_word' id='word_1_197' title='bbox 492 2825 680 2906; x_wconf 81' lang='lat' dir='ltr'><strong>intelligere</strong></span> <span class='ocrx_word' id='word_1_198' title='bbox 710 2845 775 2885; x_wconf 93' lang='lat' dir='ltr'><strong>non</strong></span> <span class='ocrx_word' id='word_1_199' title='bbox 806 2823 901 2898; x_wconf 82' lang='lat' dir='ltr'><strong>licet3</strong></span> <span class='ocrx_word' id='word_1_200' title='bbox 933 2821 968 2881; x_wconf 89' lang='lat' dir='ltr'><strong>in</strong></span> <span class='ocrx_word' id='word_1_201' title='bbox 996 2819 1184 2884; x_wconf 88' lang='lat' dir='ltr'><strong>rationibus</strong></span> <span class='ocrx_word' id='word_1_202' title='bbox 1236 2874 1245 2878; x_wconf 86' lang='lat'><em>.</em></span> 
     </span>
     <span class='ocr_line' id='line_1_25' title="bbox 125 2927 1186 3013; baseline 0 -23"><span class='ocrx_word' id='word_1_203' title='bbox 125 2940 238 2995; x_wconf 84' lang='lat' dir='ltr'><strong>autem</strong></span> <span class='ocrx_word' id='word_1_204' title='bbox 270 2928 673 3013; x_wconf 85' lang='lat' dir='ltr'><strong>decidendiproferendis</strong></span> <span class='ocrx_word' id='word_1_205' title='bbox 702 2943 828 2995; x_wconf 86' lang='lat' dir='ltr'><strong>veteres</strong></span> <span class='ocrx_word' id='word_1_206' title='bbox 856 2930 948 2992; x_wconf 88' lang='lat' dir='ltr'><strong>lCtos</strong></span> <span class='ocrx_word' id='word_1_207' title='bbox 969 2931 1099 3010; x_wconf 86' lang='lat' dir='ltr'><strong>saepius</strong></span> <span class='ocrx_word' id='word_1_208' title='bbox 1122 2927 1186 2990; x_wconf 89' lang='lat' dir='ltr'><strong>ali·</strong></span> 
     </span>
     <span class='ocr_line' id='line_1_26' title="bbox 128 3032 883 3121; baseline 0.004 -26"><span class='ocrx_word' id='word_1_209' title='bbox 128 3036 327 3121; x_wconf 87' lang='lat' dir='ltr'><strong>quantulum</strong></span> <span class='ocrx_word' id='word_1_210' title='bbox 350 3040 542 3105; x_wconf 88' lang='lat' dir='ltr'><strong>dormitasse</strong></span> <span class='ocrx_word' id='word_1_211' title='bbox 563 3045 645 3101; x_wconf 91' lang='lat' dir='ltr'><strong>satis</strong></span> <span class='ocrx_word' id='word_1_212' title='bbox 668 3049 805 3104; x_wconf 83' lang='lat' dir='ltr'><strong>constat.</strong></span> <span class='ocrx_word' id='word_1_213' title='bbox 825 3032 883 3111; x_wconf 48' lang='grc' dir='ltr'><strong>Η),</strong></span> 
     </span>
    </p>

    <p class='ocr_par' dir='ltr' id='par_1_4' title="bbox 123 3140 1194 3450">
     <span class='ocr_line' id='line_1_27' title="bbox 209 3140 1194 3229; baseline 0.001 -26"><span class='ocrx_word' id='word_1_214' title='bbox 209 3143 282 3205; x_wconf 87' lang='lat' dir='ltr'><strong>Jam</strong></span> <span class='ocrx_word' id='word_1_215' title='bbox 305 3166 379 3207; x_wconf 89' lang='lat' dir='ltr'><strong>vero</strong></span> <span class='ocrx_word' id='word_1_216' title='bbox 405 3151 590 3227; x_wconf 77' lang='lat' dir='ltr'><strong>quaeritur,</strong></span> <span class='ocrx_word' id='word_1_217' title='bbox 616 3149 746 3229; x_wconf 82' lang='lat' dir='ltr'><strong>quando</strong></span> <span class='ocrx_word' id='word_1_218' title='bbox 771 3147 974 3226; x_wconf 84' lang='lat' dir='ltr'><strong>delegatione</strong></span> <span class='ocrx_word' id='word_1_219' title='bbox 989 3140 1194 3226; x_wconf 81' lang='lat' dir='ltr'><strong>coeptado·¹</strong></span> 
     </span>
     <span class='ocr_line' id='line_1_28' title="bbox 123 3249 1187 3343; baseline 0 -33"><span class='ocrx_word' id='word_1_220' title='bbox 123 3252 216 3311; x_wconf 83' lang='lat' dir='ltr'><strong>natio</strong></span> <span class='ocrx_word' id='word_1_221' title='bbox 252 3252 309 3315; x_wconf 82' lang='lat' dir='ltr'><strong>fiat</strong></span> <span class='ocrx_word' id='word_1_222' title='bbox 341 3249 510 3343; x_wconf 70' lang='lat' dir='ltr'><strong>perfecta?</strong></span> <span class='ocrx_word' id='word_1_223' title='bbox 561 3257 670 3320; x_wconf 87' lang='lat' dir='ltr'><strong>Solam</strong></span> <span class='ocrx_word' id='word_1_224' title='bbox 701 3256 857 3317; x_wconf 83' lang='lat' dir='ltr'><strong>debitoris</strong></span> <span class='ocrx_word' id='word_1_225' title='bbox 890 3255 1086 3318; x_wconf 90' lang='lat' dir='ltr'><strong>solutionem</strong></span> <span class='ocrx_word' id='word_1_226' title='bbox 1120 3269 1187 3312; x_wconf 91' lang='lat' dir='ltr'><strong>non</strong></span> 
     </span>
     <span class='ocr_line' id='line_1_29' title="bbox 123 3359 967 3450; baseline 0.007 -29"><span class='ocrx_word' id='word_1_227' title='bbox 123 3359 299 3438; x_wconf 82' lang='lat' dir='ltr'><strong>sulficere,</strong></span> <span class='ocrx_word' id='word_1_228' title='bbox 320 3362 470 3427; x_wconf 88' lang='lat' dir='ltr'><strong>videmus</strong></span> <span class='ocrx_word' id='word_1_229' title='bbox 493 3383 509 3424; x_wconf 90' lang='lat' dir='ltr'><strong>e</strong></span> <span class='ocrx_word' id='word_1_230' title='bbox 532 3362 642 3428; x_wconf 83' lang='lat' dir='ltr'><strong>verbis</strong></span> <span class='ocrx_word' id='word_1_231' title='bbox 663 3363 821 3450; x_wconf 72' lang='lat' dir='ltr'><strong>iinalibus</strong></span> <span class='ocrx_word' id='word_1_232' title='bbox 844 3362 871 3423; x_wconf 89' lang='lat' dir='ltr'><strong>l.</strong></span> <span class='ocrx_word' id='word_1_233' title='bbox 893 3369 967 3427; x_wconf 84' lang='lat'><strong>21.:</strong></span> 
     </span>
    </p>

    <p class='ocr_par' dir='ltr' id='par_1_5' title="bbox 124 3462 1221 3889">
     <span class='ocr_line' id='line_1_30' title="bbox 168 3462 1185 3552; baseline -0.005 -27"><span class='ocrx_word' id='word_1_234' title='bbox 168 3467 254 3543; x_wconf 83' lang='lat' dir='ltr'><strong>„sin</strong></span> <span class='ocrx_word' id='word_1_235' title='bbox 276 3481 384 3530; x_wconf 86' lang='lat' dir='ltr'><strong>autem</strong></span> <span class='ocrx_word' id='word_1_236' title='bbox 410 3472 564 3551; x_wconf 88' lang='lat' dir='ltr'><strong>pecunias</strong></span> <span class='ocrx_word' id='word_1_237' title='bbox 586 3490 605 3532; x_wconf 87' lang='lat' dir='ltr'><strong>a</strong></span> <span class='ocrx_word' id='word_1_238' title='bbox 629 3471 775 3533; x_wconf 90' lang='lat' dir='ltr'><strong>debitore</strong></span> <span class='ocrx_word' id='word_1_239' title='bbox 797 3493 869 3534; x_wconf 88' lang='lat' dir='ltr'><strong>meo</strong></span> <span class='ocrx_word' id='word_1_240' title='bbox 891 3470 1036 3552; x_wconf 85' lang='lat' dir='ltr'><strong>exegisti,</strong></span> <span class='ocrx_word' id='word_1_241' title='bbox 1057 3467 1092 3525; x_wconf 92' lang='lat' dir='ltr'><strong>in</strong></span> <span class='ocrx_word' id='word_1_242' title='bbox 1112 3462 1185 3536; x_wconf 79' lang='lat' dir='ltr'><strong>hoo,</strong></span> 
     </span>
     <span class='ocr_line' id='line_1_31' title="bbox 128 3564 1184 3664; baseline -0.003 -30"><span class='ocrx_word' id='word_1_243' title='bbox 128 3564 131 3569; x_wconf 63' lang='grc'><strong>’</strong></span> <span class='ocrx_word' id='word_1_244' title='bbox 154 3571 158 3575; x_wconf 77' lang='grc'><strong>’</strong></span> <span class='ocrx_word' id='word_1_245' title='bbox 254 3578 341 3654; x_wconf 89' lang='lat' dir='ltr'><strong>quod</strong></span> <span class='ocrx_word' id='word_1_246' title='bbox 365 3579 497 3640; x_wconf 89' lang='lat' dir='ltr'><strong>modum</strong></span> <span class='ocrx_word' id='word_1_247' title='bbox 519 3579 601 3660; x_wconf 85' lang='lat' dir='ltr'><strong>legia</strong></span> <span class='ocrx_word' id='word_1_248' title='bbox 623 3580 766 3651; x_wconf 79' lang='lat' dir='ltr'><strong>excedit,</strong></span> <span class='ocrx_word' id='word_1_249' title='bbox 794 3579 902 3644; x_wconf 81' lang='lat' dir='ltr'><strong>habeo</strong></span> <span class='ocrx_word' id='word_1_250' title='bbox 924 3591 1035 3663; x_wconf 81' lang='lat' dir='ltr'><strong>contre</strong></span> <span class='ocrx_word' id='word_1_251' title='bbox 1055 3589 1088 3637; x_wconf 92' lang='lat' dir='ltr'><strong>te</strong></span> <span class='ocrx_word' id='word_1_252' title='bbox 1109 3592 1184 3664; x_wconf 86' lang='lat' dir='ltr'><strong>con·</strong></span> 
     </span>
     <span class='ocr_line' id='line_1_32' title="bbox 173 3681 547 3762; baseline 0.016 -21"><span class='ocrx_word' id='word_1_253' title='bbox 173 3686 177 3697; x_wconf 92' lang='lat'><em>&#39;</em></span> <span class='ocrx_word' id='word_1_254' title='bbox 254 3681 471 3762; x_wconf 80' lang='lat' dir='ltr'><strong>dictionem;“</strong></span> <span class='ocrx_word' id='word_1_255' title='bbox 544 3693 547 3711; x_wconf 94' lang='lat'>&#39;</span> 
     </span>
     <span class='ocr_line' id='line_1_33' title="bbox 124 3784 1221 3889; baseline 0.005 -43"><span class='ocrx_word' id='word_1_256' title='bbox 124 3807 235 3869; x_wconf 85' lang='lat' dir='ltr'><strong>neque</strong></span> <span class='ocrx_word' id='word_1_257' title='bbox 274 3809 352 3853; x_wconf 84' lang='lat' dir='ltr'><strong>sene</strong></span> <span class='ocrx_word' id='word_1_258' title='bbox 396 3792 471 3857; x_wconf 87' lang='lat' dir='ltr'><strong>fieri</strong></span> <span class='ocrx_word' id='word_1_259' title='bbox 509 3792 635 3877; x_wconf 81' lang='lat' dir='ltr'><strong>potuit,</strong></span> <span class='ocrx_word' id='word_1_260' title='bbox 676 3791 706 3861; x_wconf 88' lang='lat' dir='ltr'><strong>si</strong></span> <span class='ocrx_word' id='word_1_261' title='bbox 750 3793 889 3889; x_wconf 69' lang='lat' dir='ltr'><strong>donator</strong></span> <span class='ocrx_word' id='word_1_262' title='bbox 925 3793 979 3873; x_wconf 76' lang='lat' dir='ltr'><strong>jas</strong></span> <span class='ocrx_word' id='word_1_263' title='bbox 1009 3784 1184 3854; x_wconf 84' lang='lat' dir='ltr'><strong>revocandi</strong></span> <span class='ocrx_word' id='word_1_264' title='bbox 1218 3847 1221 3852; x_wconf 90' lang='lat'>.</span> 
     </span>
    </p>
   </div>
   <div class='ocr_carea' id='block_1_4' title="bbox 124 3938 343 3956">
    <p class='ocr_par' dir='ltr' id='par_1_6' title="bbox 124 3938 343 3956">
     <span class='ocr_line' id='line_1_34' title="bbox 124 3938 343 3956; baseline 0 0"><span class='ocrx_word' id='word_1_265' title='bbox 124 3938 343 3956; x_wconf 62' lang='grc' dir='ltr'><strong>Ρ--η-μ-ιυ</strong></span> 
     </span>
    </p>
   </div>
   <div class='ocr_carea' id='block_1_5' title="bbox 162 4021 1183 4194">
    <p class='ocr_par' dir='ltr' id='par_1_7' title="bbox 162 4021 1183 4194">
     <span class='ocr_line' id='line_1_35' title="bbox 162 4021 1183 4099; baseline 0 -20"><span class='ocrx_word' id='word_1_266' title='bbox 162 4022 210 4092; x_wconf 79' lang='lat' dir='ltr'><strong>tl)</strong></span> <span class='ocrx_word' id='word_1_267' title='bbox 230 4021 273 4079; x_wconf 80' lang='lat' dir='ltr'><strong>cf.</strong></span> <span class='ocrx_word' id='word_1_268' title='bbox 298 4024 318 4081; x_wconf 89' lang='lat' dir='ltr'><strong>l.</strong></span> <span class='ocrx_word' id='word_1_269' title='bbox 344 4034 369 4083; x_wconf 72' lang='lat' dir='ltr'><strong>s.</strong></span> <span class='ocrx_word' id='word_1_270' title='bbox 391 4041 434 4096; x_wconf 80' lang='lat' dir='ltr'><strong>pr.</strong></span> <span class='ocrx_word' id='word_1_271' title='bbox 458 4024 490 4078; x_wconf 79' lang='lat' dir='ltr'><strong>[t</strong></span> <span class='ocrx_word' id='word_1_272' title='bbox 511 4024 544 4079; x_wconf 86' lang='lat' dir='ltr'><strong>ds</strong></span> <span class='ocrx_word' id='word_1_273' title='bbox 562 4021 631 4082; x_wconf 88' lang='lat' dir='ltr'><strong>offis.</strong></span> <span class='ocrx_word' id='word_1_274' title='bbox 652 4041 728 4096; x_wconf 85' lang='lat' dir='ltr'><strong>proc.</strong></span> <span class='ocrx_word' id='word_1_275' title='bbox 748 4025 882 4096; x_wconf 66' lang='lat' dir='ltr'><strong>Caes-(1.</strong></span> <span class='ocrx_word' id='word_1_276' title='bbox 901 4030 958 4099; x_wconf 83' lang='grc'><strong>19.)</strong></span> <span class='ocrx_word' id='word_1_277' title='bbox 975 4025 994 4086; x_wconf 84' lang='grc' dir='ltr'><strong>Ι.</strong></span> <span class='ocrx_word' id='word_1_278' title='bbox 1012 4035 1057 4086; x_wconf 83' lang='grc'><strong>91.</strong></span> <span class='ocrx_word' id='word_1_279' title='bbox 1076 4025 1110 4081; x_wconf 87' lang='lat' dir='ltr'><strong>sd</strong></span> <span class='ocrx_word' id='word_1_280' title='bbox 1128 4027 1183 4098; x_wconf 79' lang='lat' dir='ltr'><strong>leg.</strong></span> 
     </span>
     <span class='ocr_line' id='line_1_36' title="bbox 196 4117 1046 4194; baseline 0.004 -22"><span class='ocrx_word' id='word_1_281' title='bbox 196 4117 270 4174; x_wconf 79' lang='lat' dir='ltr'><strong>Palo.</strong></span> <span class='ocrx_word' id='word_1_282' title='bbox 289 4122 347 4188; x_wconf 78' lang='lat'>(35.</span> <span class='ocrx_word' id='word_1_283' title='bbox 365 4121 406 4190; x_wconf 76' lang='grc'><strong>2.)</strong></span> <span class='ocrx_word' id='word_1_284' title='bbox 423 4119 606 4175; x_wconf 77' lang='lat' dir='ltr'><strong>Christisnssn</strong></span> <span class='ocrx_word' id='word_1_285' title='bbox 622 4120 806 4194; x_wconf 76' lang='lat' dir='ltr'><strong>Rechtagessh.</strong></span> <span class='ocrx_word' id='word_1_286' title='bbox 824 4121 845 4180; x_wconf 89' lang='lat'><strong>1.</strong></span> <span class='ocrx_word' id='word_1_287' title='bbox 862 4139 891 4194; x_wconf 85' lang='lat' dir='ltr'><strong>p·</strong></span> <span class='ocrx_word' id='word_1_288' title='bbox 910 4131 972 4192; x_wconf 68' lang='lat'><strong>807·</strong></span> <span class='ocrx_word' id='word_1_289' title='bbox 988 4131 1046 4179; x_wconf 82' lang='lat' dir='ltr'><strong>aot.</strong></span> 
     </span>
    </p>
   </div>
   <div class='ocr_carea' id='block_1_6' title="bbox 0 0 1318 4726">
    <p class='ocr_par' dir='ltr' id='par_1_8' title="bbox 0 0 1318 4726">
     <span class='ocr_line' id='line_1_37' title="bbox 0 0 1318 4726; baseline 0 0"><span class='ocrx_word' id='word_1_290' title='bbox 0 0 1318 4726; x_wconf 95' lang='lat' dir='ltr'><strong> </strong></span> 
     </span>
    </p>
   </div>
  </div>
 </body>
</html>
