2626 4726
654 213 699 275 46

148 394 230 457 tutis
251 411 346 457 reum
368 387 498 457 nonnisi
519 385 680 455 indirecte
709 394 780 475 cogi
803 400 918 474 posse,
947 402 986 456 ut
1011 379 1084 468 rein
1111 391 1245 454 resti-

148 515 274 578 tueret3
300 503 388 583 quod
411 501 500 564 haud
519 503 625 590 minus
649 502 690 562 ab
713 490 1006 591 alio‘megistratu‚
1028 517 1129 581 quam
1147 497 1245 560 sul·

151 611 243 688 enjus
263 610 494 687 jurisdictione
515 627 567 670 res
589 608 652 669 sita
675 618 763 681 erat,
781 607 894 693 perlici
913 610 1034 692 potuit.
1061 656 1064 661 .

199 720 201 724 ’
229 719 291 817 βίη
313 731 431 814 autern,
459 698 557 796 quem
577 717 732 810 diximus,
758 734 854 799 causa
877 716 944 776 fuit
962 698 1032 778 dori
1053 715 1104 777 rei
1125 715 1216 776 sitae

46 905 48 910 Α
151 822 231 888 olim
262 828 327 887 nou
360 821 558 898 introducti,
590 827 709 905 seriore
731 824 834 896 aevo,
858 842 932 913 cum
953 839 1022 886 rent
1044 824 1151 904 ipsam
1170 822 1208 884 iu
1244 857 1245 861 =

18 915 20 919 ⁷
71 952 73 956 ·
105 934 109 971 i
150 935 267 996 litibus
296 930 456 1018 spectari,
486 948 587 1014 eaque
610 945 647 994 ut
668 935 911 1019 restitueretur,
940 951 1052 994 manu
1065 931 1204 995 militari

152 1044 275 1104 coactio
305 1042 600 1113 increbresceret,
605 1043 792 1131 necessario
824 1044 1015 1113 eveniebat,
1050 1054 1088 1102 ut
1111 1042 1201 1121 pede-

31 1206 38 1223 ,
93 1170 98 1183 ’
140 1143 270 1211 sentim
305 1146 368 1209 hoc
402 1151 512 1210 iorum
546 1124 691 1210 moribus
727 1148 895 1229 legibusve
922 1149 1198 1224 introduceretur.

152 1256 252 1334 Cujus
277 1256 325 1316 rei
348 1255 511 1337 primum,
543 1269 580 1317 nt
609 1258 656 1317 ita
684 1254 805 1345 dicant,
838 1257 1047 1344 praeludium
1067 1262 1200 1318 sortasse

44 1382 48 1395 ¹
153 1367 190 1426 in
209 1384 247 1425 eo
270 1364 490 1442 quaerendum
516 1375 582 1437 est,
612 1357 711 1445 quo'd,
742 1366 771 1424 si
792 1367 961 1453 missiones
986 1365 1199 1446 iuposessio-
1240 1410 1245 1421 .

153 1493 228 1532 nem
249 1483 446 1553 peterentur,
471 1471 506 1531 id
526 1473 576 1532 ibi
597 1453 670 1544 lieri
693 1465 817 1542 debuit,
842 1473 901 1532 ubi
926 1494 976 1534 res
1000 1472 1081 1534 sitae
1105 1484 1216 1535 erant*
1241 1526 1245 1543 ,

154 1582 291 1658 Propius
312 1581 352 1641 ad
372 1599 442 1642 rem
461 1582 579 1661 ipsam,
602 1580 639 1641 de
650 1601 722 1662 qus
738 1582 934 1661 quaerimus,
950 1581 1089 1650 secedit,
1107 1579 1245 1661 qnod.
1240 1560 1243 1565 ι

153 1704 227 1748 curn
250 1688 316 1767 jam
339 1685 501 1769 pridem
491 1709 526 1749 ιιι
550 1709 621 1751 rem
643 1690 785 1751 actiones
810 1700 922 1749 contra
947 1708 1000 1750 eos
1024 1698 1135 1789 essent
1158 1688 1201 1749 in·
1242 1686 1245 1699 '

24 1793 28 1797 ’
80 1815 83 1819 ’
154 1766 346 1874 sumendae,
362 1799 418 1878 qui
434 1813 504 1857 rem
518 1798 732 1879 possiderent,
748 1798 941 1858 vellantum
954 1797 1063 1858 alieno
1077 1797 1200 1858 nomine

152 1916 321 1978 tenerent,
337 1901 392 1979 ²³)
414 1906 541 1965 etiamsi
561 1904 708 1967 dominus
730 1904 814 1967 alibi
829 1901 1038 1988 domicilium
1054 1900 1235 1979 haherct3

156 2010 386 2073 Constantinus
416 2009 569 2099 012..ss
602 2014 697 2073 ubi
687 2029 722 2075 sn
749 2031 818 2073 rem
850 2007 997 2109 (5019)
1025 2011 1202 2093 praecepit,

154 2120 295 2184 vicarios
317 2120 409 2192 illos,
426 2100 473 2180 ita
491 2087 680 2194 conventos,
703 2120 869 2191 dominum
886 2121 1055 2181 nominare
1077 2119 1202 2194 debere,

154 2231 242 2290 ntis
264 2227 491 2298 interveniret,
519 2239 560 2298 et,
591 2228 620 2288 si
642 2229 738 2288 alia
728 2246 762 2288 ιιι
782 2217 950 2310 provincia
972 2228 1150 2307 degeret,
1139 2245 1203 2308 rpse

155 2339 265 2423 ejusve
293 2345 485 2416 procurator
516 2335 550 2394 in
580 2334 669 2408 loca,
700 2335 759 2396 ubi
787 2331 958 2417 praedium
987 2336 1091 2395 situm
1115 2343 1241 2404 esset„

155 2447 339 2527 perveniret
368 2442 409 2504 ad
437 2439 639 2524 excipiendas
671 2443 786 2505 actoris
809 2444 1023 2505 intentiones:
1052 2441 1102 2503 ita
1122 2422 1206 2502 enirn

157 2554 280 2613 factum
311 2562 376 2622 est,
405 2562 443 2611 ut
472 2550 553 2612 lis
543 2567 578 2609 ιιι
600 2553 685 2619 foro
695 2554 745 2614 rei
766 2548 846 2616 sitae
870 2564 984 2634 coepta
1006 2548 1056 2640 ibi
1078 2562 1205 2630 quoque

156 2658 298 2722 finienda
320 2671 417 2721 esset
1236 2638 1245 2657 ⁴

395 2959 398 2963 ,
639 2852 670 2942 ι.
697 2868 766 2954 ι,
848 2936 854 2943 ,

242 3014 352 3105 Quurn
379 3014 482 3100 igitur
509 3014 620 3081 lorum
650 3014 698 3081 rel
726 3019 808 3080 sitae
835 3013 948 3102 prius,
982 3025 1071 3078 certe
1100 3006 1208 3076 adhue

158 3115 361 3189 Diocletiani
381 3139 552 3208 tempore,
594 3128 738 3189 nondum
765 3128 799 3187 in
827 3146 891 3189 usu
916 3117 1030 3185 inisse·
1045 3115 1208 3184 dubitatio

159 3247 284 3297 exstere
307 3248 372 3296 non
392 3237 517 3317 possit,
536 3233 766 3316 inquirendum
789 3246 856 3308 est,
880 3235 905 3293 ii
925 3225 1050 3294 codicis
1070 3228 1128 3292 vel
1150 3229 1209 3289 Di·

87 3342 107 3393 '·
157 3354 323 3424 gestorum
341 3342 418 3415 loci,
437 3342 497 3403 ubi
518 3339 590 3419 ejus
608 3337 671 3403 fori
689 3339 821 3403 mentio'
833 3343 919 3402 facta
936 3338 1078 3413 videtur,
1098 3344 1211 3396 utrum

38 3466 41 3473 “
115 3492 118 3497 -
156 3469 218 3532 pro
242 3449 447 3529 interpolatis
476 3447 735 3524 sint-habendi,
763 3440 804 3510 au
830 3450 937 3530 potius
958 3447 1060 3506 alium
1081 3438 1118 3502 iu
1142 3460 1211 3502 ιιιο-

155 3560 246 3634 dum,
269 3573 365 3638 quam
387 3552 715 3638 anteVatic.sr·ag'1n,
737 3549 812 3619 fieri
829 3556 1005 3626 consuevit,
1026 3551 1091 3611 sint
1110 3548 1212 3610 inter·

109 3688 115 3705 ι
157 3666 319 3746 pretendi.
371 3642 581 3728 Sunt'autem
601 3667 717 3747 pauci,
739 3679 881 3752 quorum
899 3663 963 3745 ,qui
985 3660 1130 3722 maxime
1154 3656 1213 3717 ob·

159 3783 244 3833 stare
266 3767 435 3847 videntur,
458 3768 495 3836 hi
520 3783 615 3837 sunit

193 4065 244 4140 as)
262 4065 279 4118 ι.
298 4080 323 4140 9.
343 4068 380 4128 ιι.
399 4067 431 4123 a,
448 4032 488 4122 ι’·ιι
507 4059 632 4126 vintrau.
652 4064 693 4138 (s.
713 4033 753 4135 nt
