2624 4726
644 223 719 305 ne⁴

148 423 351 495 mutatione,
372 421 468 504 ¹inter
495 438 563 481 nnn
594 431 746 502 exceptas
773 437 946 502 personas,
972 421 1031 486 nbi
1053 424 1092 487 de
1111 427 1211 489 dona·

146 536 277 596 tionum
296 530 330 592 vi
352 530 498 610 quaestio
521 540 587 604 est,
617 531 714 610 lon'ge
736 531 836 593 aliter
857 542 966 593 actum
988 544 1047 596 est.
1095 533 1211 598 Diver-

144 661 220 703 aum
241 649 353 702 tamen
375 639 546 722 precario
565 658 675 701 rerum
694 639 888 702 donatarum
908 660 1023 721 genere
1040 644 1212 708 obtinebat

140 750 197 830 jus
229 749 267 811 in
293 746 498 831 perficiendis
531 746 572 808 ab
605 748 649 810 iia
678 747 928 822 donationibus,
963 749 1049 832 quod
1080 752 1211 833 quidem

152 876 241 920 nnnc
262 875 286 939 e·
301 854 448 917 lontibus
469 854 649 918 currendum
669 857 743 917 erit.
893 936 898 949 Ι

222 966 249 1027 1.
293 966 329 1026 Si
365 965 439 1045 qnia
474 985 558 1028 rem
591 965 817 1048 corporalem,
852 979 987 1044 eamque
1017 964 1210 1030 immobi-

90 1102 93 1109 ’
143 1076 253 1151 lem,
282 1075 463 1139 donaturus
485 1086 574 1149 erat,
604 1075 633 1137 ai
654 1075 798 1155 mancipi
822 1091 885 1134 non
908 1083 997 1146 erat,
1021 1069 1113 1134 nirlla
1136 1076 1210 1155 qui.

143 1183 220 1245 dem
251 1183 447 1246 differentia
465 1184 551 1245 inter
572 1194 720 1264 exceptas
742 1192 780 1242 et·
799 1201 862 1241 non
885 1192 1032 1262 exceptas
1054 1193 1209 1264 personna

142 1294 352 1364 intercessit,
383 1291 523 1373 ideoque
552 1292 623 1353 sola
651 1291 844 1361 traditione,
873 1290 927 1354 vel
955 1291 1146 1352 inductione
1171 1291 1208 1352 in

138 1420 280 1463 vacuam
302 1403 557 1483 possessionem,
580 1399 712 1462 donatio
733 1400 876 1479 perfecta
897 1410 956 1476 eat,
978 1419 1083 1479 neque
1099 1397 1211 1482 repeti
1240 1448 1243 1454 .
1291 1390 1295 1397 ’

130 1511 254 1592 'potuit
281 1529 334 1572 res
366 1510 414 1571 ita
443 1509 563 1599 donata
590 1506 655 1589 (dp.
686 1510 759 1586 259·
790 1513 862 1585 295.
892 1515 964 1577 5¹3.
992 1487 1069 1575 515]
1097 1509 1205 1588 516.);

137 1621 189 1681 ain
225 1618 376 1698 mancipi
407 1639 459 1680 res
494 1629 584 1697 erat,
614 1629 684 1678 tum
721 1637 824 1697 neque
850 1617 927 1682 sola
962 1619 1220 1703 mancipatione,
1270 1676 1276 1700 4

142 1730 216 1791 aine
247 1727 445 1798 traditione,
468 1746 572 1807 neque
593 1725 765 1788 traditione
792 1726 864 1787 sine
888 1728 1131 1808 mancipatione
1156 1731 1205 1795 rei

138 1836 273 1899 donatio
308 1835 422 1918 perfici
450 1836 566 1917 potnit,
599 1833 656 1894 aed
687 1846 724 1896 ut
763 1835 868 1896 altera
898 1835 993 1896 elteri
1026 1836 1204 1911 accederet,

137 1964 221 2026 opus
244 1944 312 2006 tuis
334 1940 383 2022 (§.
403 1951 476 2009 511.
495 1942 606 2019 515.);
629 1963 733 2024 neque
755 1963 833 2004 vero
856 1945 887 2004 id
918 1943 1096 2023 quidquam
1127 1916 1234 2009 iecit*

101 2038 115 2094 ·'
139 2052 180 2113 ad
202 2073 284 2128 rem,
303 2062 377 2117 utra
396 2053 536 2115 alteram
556 2065 758 2138 sequeretur.
802 2054 839 2115 ln
858 2071 892 2112 re
910 2054 1051 2134 mancipi
1068 2057 1203 2128 tradita,

137 2143 376 2243 usucapionem
400 2160 510 2223 iocum
535 2161 784 2247 mancipationis
805 2161 934 2241 explere
951 2162 1111 2240 potuisse,
1134 2165 1202 2238 iam

134 2291 151 2335 a
177 2258 322 2336 dominii
344 2267 521 2352 Quiritarii
544 2280 662 2329 notura
677 2267 952 2348 proficiscebatur.
978 2266 1008 2346 §.
1030 2272 1104 2345 259.
1126 2276 1202 2344 295,

154 2446 165 2457 .
216 2378 254 2445 In
278 2377 376 2457 rebus
400 2375 640 2442 mobilibus
670 2376 757 2442 idem
784 2375 970 2447 obtinebat:
1001 2380 1028 2441 si
1056 2380 1210 2459 mancipi.

132 2496 244 2561 erant,
270 2481 451 2554 traditione
474 2494 506 2544 et
531 2485 792 2569 mancipatione,
816 2486 844 2553 si
865 2505 923 2548 nec
945 2489 1109 2570 mancipi,
1129 2489 1200 2552 soia
1259 2530 1264 2537 -

131 2593 312 2662 traditione
344 2591 425 2675 opus
457 2603 545 2669 erat3
580 2593 616 2653 io
644 2594 792 2680 utrisque
813 2604 923 2664 antem
944 2594 978 2664 id
1002 2598 1099 2663 etism
1122 2600 1199 2679 plus

130 2703 295 2765 accederet
336 2701 486 2769 debuisse
508 2702 677 2778 videmus,
707 2714 745 2768 ut
767 2703 816 2768 is,
848 2703 900 2765 cui
924 2704 1078 2772 donatum
1101 2717 1217 2781 esset,

134 2811 286 2898 superior
318 2820 403 2875 esset
434 2811 607 2879 interdicto
642 2809 775 2880 Utcubi.
810 2809 839 2899 §i
874 2818 947 2879 511,
977 2817 1050 2889 296.
1104 2813 1198 2904 Quod

132 2917 268 3004 quidem
306 2937 446 3003 quanam
480 2918 605 2980 ratione
627 2920 672 2981 ait
692 2918 960 3003 intelligendum,
982 2939 1045 2986 non
1062 2940 1126 2983 una
1149 2931 1199 2982 est

132 3026 332 3108 scriptorum
354 3025 484 3110 opinio,
511 3044 584 3090 curn
613 3026 661 3092 nil
682 3025 816 3092 uberius
839 3025 877 3092 de
902 3046 941 3087 eo
963 3024 1102 3110 prodant
1124 3028 1198 3087 ion·

109 3116 208 3209 ,ἴση
231 3124 436 3229 quapropter
465 3132 563 3206 etiam
603 3132 690 3205 inira
727 3132 858 3208 demum
892 3132 1128 3226 disputandum
1155 3132 1195 3199 ds
1225 3142 1227 3147 '

127 3261 167 3307 ca
192 3241 273 3313 trit.
605 3318 607 3323 Ι
1006 3278 1009 3283 ,
1049 3265 1051 3270 ·
1165 3273 1169 3279 .

210 3347 383 3418 Caeterum
414 3346 454 3436 dp
485 3347 690 3434 possessione
722 3348 923 3429 adquirenda
954 3332 988 3413 et
1018 3348 1057 3410 de
1092 3346 1195 3410 tradi.

124 3456 218 3519 tione
244 3455 429 3536 peculiares
451 3474 517 3547 non
539 3464 715 3528 occurrunt
735 3454 888 3543 regulae3
918 3457 1030 3548 potius
1052 3450 1192 3534 legimns

125 3565 158 3658 p.
188 3567 284 3640 enat
880 3588 882 3592 '
1163 3583 1168 3593 “

110 3738 115 3744 ,
167 3671 260 3749 „Nee
280 3669 406 3748 ambigi
426 3677 568 3749 oportet,
591 3666 785 3753 donationes
803 3666 906 3735 ctiam
923 3668 1011 3742 inter
1020 3669 1190 3751 ··absentea,

248 3776 340 3847 aiax
360 3776 531 3850 voluntate
566 3770 762 3846 donantium
778 3756 1090 3856 pussessionem'ii,
1119 3778 1192 3859 qui·

250 3882 312 3956 bns
334 3885 491 3960 donatum
512 3894 582 3956 eat,
614 3887 860 3955 nanciscantur,
893 3884 1020 3945 validas
1044 3878 1165 3957 esse;“
1280 3938 1284 3959 ;

123 3988 206 4067 ct,·§·.¹
223 3998 311 4073 Μ,
333 4011 418 4066 eum,
441 3991 498 4070 qni
519 3988 691 4080 praedium
713 3991 836 4052 donans
859 3994 1101 4061 usumfructum
1125 3993 1190 4055 eibi

117 4099 292 4174 retineret,
314 4099 495 4173 constituto
512 4098 718 4193 ¹possessorio
737 4097 943 4205 donationem
968 4099 1139 4181 periinere.
1168 4199 1174 4205 ἱ
