2626 4726
607 284 676 346 105
722 325 724 329 -

158 452 225 539 „lu
245 445 478 524 traditionibus
498 478 609 523 rernm
634 455 861 540 quodcumque
881 472 1013 544 pactum
1035 461 1098 539 ait,
1132 463 1168 527 id

244 568 354 632 valere
372 568 670 630 mauiiaatiaaimum
690 562 777 641 eat;“

117 695 214 761 quae,
243 676 378 752 etiamai,
400 693 418 736 a
439 674 641 758 Tribouiano
666 673 875 754 interpolata,
893 677 1024 756 proprie
1045 678 1168 742 nonde

112 783 309 867 traditione,
338 781 397 845 aed
424 781 462 843 de
491 783 586 844 oola
616 783 855 863 mancipatione
885 778 1012 844 loeuta'
1029 796 1094 859 eat3
1114 783 1167 864 ²⁸)

119 902 210 953 certe
237 901 346 952 tamen
375 890 427 967 jue
454 889 552 952 nobie
573 868 722 963 exlribet,
752 887 928 970 quodiam
952 887 1073 952 dudum
1095 906 1168 957 ante

119 996 343 1060 Juatiuianum
373 997 570 1060 obtinuerat.
629 997 700 1060 Jam
733 1017 829 1071 vero,
859 999 887 1058 ai
916 998 1007 1078 quia,
1038 1018 1110 1059 cum
1135 1000 1172 1061 id
1222 978 1225 991 ’

118 1100 173 1182 J'ua
197 1086 399 1176 obtinuerit,
422 1123 492 1165 rem
515 1122 574 1165 uec
595 1105 740 1186 mancipi
760 1103 912 1177 tradidit,
935 1104 1170 1202 traditionique

119 1221 256 1294 pactum
281 1212 411 1290 adjecit,
434 1223 470 1274 ut
489 1214 693 1275 uauaiructua
717 1208 803 1293 apud
827 1223 1072 1285 reremaneret,
1098 1233 1171 1275 cum

119 1318 153 1382 id
172 1330 317 1400 pactum,
336 1319 467 1381 etiamai
486 1321 696 1402 stipulatione
715 1336 777 1381 uon
797 1319 1058 1392 confirmabatur,
1079 1340 1171 1403 prae-

121 1437 176 1507 tor
197 1438 361 1508 tueretur,
388 1431 593 1491 uauaiructua
615 1430 679 1504 ita,
707 1429 800 1511 quati
820 1428 893 1509 ipao
913 1413 1002 1491 lacto
1021 1433 1055 1492 in
1072 1431 1171 1492 tradi·

123 1539 213 1599 tione
237 1544 380 1600 retentae
402 1547 503 1609 catat,
532 1536 807 1637 constituebatup3
838 1547 869 1598 et
899 1537 1171 1618 quemadmodum

123 1644 157 1706 in
181 1645 418 1726 mancipatione
437 1643 591 1705 deductua
605 1644 810 1706 uaualructua
824 1664 883 1726 per
897 1646 1171 1726 mancipationem

75 1790 80 1801 ι
126 1752 324 1821 conutitutut
351 1750 616 1831 intelligebatur,
647 1752 693 1812 aie
720 1753 754 1812 in
783 1751 843 1814 hac
872 1771 966 1812 eauao
987 1743 1049 1837 'per
1069 1749 1170 1810 tradi·

124 1859 248 1919 tionem
272 1861 463 1920 conutitutua
483 1858 666 1921 videbatur.
709 1860 745 1919 ln
764 1880 825 1940 quo
845 1871 952 1921 autem
972 1879 1030 1936 pro
1048 1857 1171 1947 origine

124 1965 220 2040 lujua
240 1963 322 2038 juria
345 1964 526 2027 idncceaae
546 1984 673 2047 temper
693 1977 773 2041 erat,
794 1978 831 2028 ut
853 1970 888 2027 in
908 1970 977 2051 ipae
995 1946 1185 2055 traditione

124 2071 321 2146 adjiceretur
342 2071 505 2144 deductio,
522 2070 575 2149 29)
599 2072 675 2153 quia
696 2073 841 2154 alioquin
859 2077 907 2136 rei
922 2073 1062 2134 traditae
1079 2092 1170 2132 uoue-

126 2178 252 2239 iructua
283 2179 322 2241 ad
352 2179 494 2241 alterum
521 2182 720 2259 uauaiiaaet,
755 2181 794 2242 de
820 2201 904 2243 novo
927 2181 1029 2260 igitur
1053 2179 1171 2239 fuisset

126 2284 378 2348 conatitucndua.

206 2394 257 2455 lta
284 2393 318 2454 in
346 2390 519 2474 traditione
550 2412 611 2473 par
637 2392 859 2456 deductionem
888 2393 1056 2454 conatituti
1077 2411 1170 2452 uaua·

128 2499 275 2573 iructua,
303 2499 637 2582 aliusveaervitutia,
663 2503 808 2582 exempla
830 2503 863 2561 in
884 2501 960 2580 Dig.
984 2518 1086 2578 pauca
1106 2516 1171 2559 non

76 2648 81 2659 ·
128 2618 223 2676 tunt,
248 2604 302 2684 ³⁰)
331 2609 411 2668 licet
440 2607 564 2667 multoe
595 2586 703 2679 loona,
738 2608 797 2668 ubi
819 2607 1039 2678 luveuiuntur,
1071 2604 1171 2666 verbo

128 2713 376 2792 mancipationia
409 2713 445 2774 in
474 2713 658 2776 traditionis
688 2712 854 2787 mutando,
874 2710 927 2789 ³¹)
955 2711 1170 2792 interpolator

132 2884 340 2902 m

161 2976 209 3048 28)
229 2974 338 3029 Minime
354 2975 423 3029 enim
440 2983 550 3030 constat.
573 2973 614 3034 Ci.
638 2972 759 3029 Dirltaen.
781 2975 834 3028 Xll
857 2974 1044 3046 'faiel-Progne.
1064 2991 1090 3045 p.
1110 2978 1172 3044 ³98.

194 3069 237 3125 Gi.
256 3070 274 3129 l.
295 3069 337 3131 45.
358 3069 392 3128 D.
412 3070 468 3128 eod.
488 3068 542 3127 tia:
562 3069 707 3124 Diviainnia
727 3070 866 3142 placitum,
891 3067 942 3123 niai
959 3068 1171 3138 traditlone,
1273 3116 1276 3131 ι

183 3166 238 3229 tel
258 3163 439 3236 stipulatione,
468 3152 575 3218 aumat
593 3148 775 3236 attactum}
800 3163 996 3235 edictionem,
1023 3173 1054 3216 ut
1070 3163 1172 3241 nudum

75 3306 81 3321 ,
195 3269 301 3330 paetum
318 3258 382 3312 nulli
400 3259 523 3330 prodeaao
540 3258 645 3330 poterit.
800 3324 806 3335 .

163 3356 209 3423 29)
229 3354 246 3411 l.
266 3354 308 3416 35,
326 3353 362 3411 D.
379 3353 412 3412 de
430 3353 456 3412 S.
474 3354 502 3411 P.
521 3353 553 3406 U.
571 3353 613 3424 (8.
636 3352 677 3426 2.)
704 3352 720 3404 l.
744 3358 768 3410 6.
786 3356 810 3414 §.
828 3352 875 3406 ult·
896 3352 932 3407 D.
950 3368 1083 3411 commun.
1101 3366 1171 3405 cerv.

194 3449 232 3516 (8.
248 3451 293 3515 l·)·
312 3447 363 3502 lina
380 3449 451 3501 locoa
464 3465 517 3502 non
530 3459 580 3503 tam
595 3449 627 3503 de
641 3449 786 3519 usufructu,
796 3465 875 3522 quant
885 3446 918 3501 de
931 3446 988 3501 aliia
1002 3443 1171 3500 servitutibus

196 3540 279 3614 loqui,
296 3541 363 3601 nihil
382 3541 468 3596 iecora
486 3543 518 3603 ad
534 3561 591 3600 ram
608 3543 696 3616 liquet
753 3522 762 3597 Ι.
857 3584 860 3591 .
936 3612 938 3617 Ι

165 3635 213 3705 30)
232 3636 250 3688 l.
271 3635 313 3696 32.
332 3645 375 3701 35.
395 3639 419 3696 §.
440 3646 464 3699 1.
485 3637 504 3689 l·
524 3646 566 3698 st.
583 3637 620 3691 D.
637 3636 670 3691 da
687 3623 837 3691 usufructu.
862 3635 958 3705 (7.1.)
981 3633 998 3688 l.
1019 3643 1044 3692 3.
1064 3634 1087 3697 i.
1107 3643 1131 3690 1.
1154 3631 1171 3683 l·

196 3739 222 3789 5.
240 3729 276 3788 D.
293 3729 326 3783 de
344 3729 428 3788 uaufr.
444 3747 560 3785 acar-eac.
581 3730 622 3800 (7.
645 3732 685 3803 2.)
713 3730 731 3784 l.
751 3730 810 3789 126.
826 3733 850 3797 §.
868 3740 892 3788 1.
909 3728 945 3787 D.
964 3729 996 3783 de
1012 3728 1044 3781 V.
1060 3726 1094 3779 0.
1111 3726 1173 3795 (45.

74 3854 82 3901 p
198 3825 238 3892 l.)
256 3823 273 3876 l.
292 3824 334 3883 35.
352 3824 389 3882 D.
406 3825 439 3878 de
458 3824 484 3879 S.
502 3825 531 3878 Ρ.
549 3823 581 3880 U.
599 3827 640 3894 (8.
659 3826 699 3899 a.)
727 3823 745 3878 l.
765 3823 807 3879 35.
824 3823 859 3879 D.
876 3824 910 3878 de
929 3821 956 3876 S.
975 3822 1004 3877 P.
1020 3821 1056 3876 tt.
1074 3823 1114 3890 (a.
1132 3821 1171 3890 ὅ.)

197 3914 218 3974 l.
237 3919 262 3974 6.
281 3922 305 3988 5.
324 3933 350 3982 a.
367 3921 387 3979 l.
404 3928 429 3979 7.
448 3936 490 3991 pr.
508 3918 524 3971 l.
542 3927 567 3979 8.
586 3918 622 3977 D.
639 3935 734 3973 comm
751 3917 843 3990 praed.
860 3919 900 3990 (8.
916 3919 956 3988 4.)
1047 3978 1050 3982 ,

74 4060 76 4093 :
163 4010 273 4080 ttici.
296 4028 324 4074 v.
347 4031 372 4073 o.
397 4013 454 4073 i'at.
476 4012 511 4072 ir.
529 4012 552 4080 i.
572 4019 616 4074 80.
636 4013 698 4071 etl.
716 4011 742 4072 3.
761 4016 786 4075 §.
804 4023 830 4076 1.
846 4010 882 4072 D.
901 4011 934 4071 da
950 4008 1037 4069 aruir.
1055 4024 1171 4090 accrate.

74 4114 77 4137 ²
198 4107 238 4177 (7-
256 4108 296 4178 t.)
361 4157 364 4161 ,
