2626 4726
586 232 805 381 'sss‘

117 452 346 516 condemnatio
369 452 403 527 in
428 453 557 514 domini
581 469 756 532 personam
780 455 927 518 converti
951 455 1072 536 potuit.
1117 453 1180 534 lgi-

59 549 85 628 ’,
117 576 173 623 tur
201 563 236 620 in
262 560 702 643 procuratoribusdemum,
726 561 796 635 nbi,
820 575 859 624 ut
884 571 958 624 mox
981 561 1188 639 videbimua,¹

15 666 18 674 ‘
82 687 84 696 ·
119 687 256 748 prorsus
280 667 347 727 alia
367 669 589 729 intercedebat
610 669 715 745 ratio,
748 682 883 751 praetor
901 664 1018 742 edixit3
1048 668 1178 745 sejudi-

120 777 184 836 cati
210 777 370 836 actionem
393 777 600 857 procuratori
626 776 691 867 ipsi
714 786 747 835 et
769 779 804 836 in
828 797 903 849 eum
925 777 1091 839 daturum.
1134 777 1181 861 Ita

122 872 369 966 interpretenda
395 883 489 944 nobis
515 885 668 945 videntur
695 883 795 946 verba
821 880 848 960 ἕ.
873 893 964 953 atr:

159 991 412 1070 „cognitore
437 978 764 1053 interveniente
787 993 922 1068 judicati
944 989 1029 1051 actio
1051 988 1179 1051 dominu

245 1110 280 1159 et
304 1097 339 1163 in
366 1096 536 1160 dominum
565 1099 679 1160 datur:
711 1118 778 1159 non
805 1099 887 1161 alias
914 1099 1000 1160 enim
1016 1090 1179 1179 ¹cognitur

244 1205 443 1284 experietur,
476 1207 529 1266 vel
558 1208 678 1268 actioni
705 1186 916 1289 subjicietur,
954 1206 1118 1288 quamsi
1146 1202 1200 1269 in'

240 1332 311 1373 rem
332 1333 424 1373 suam
448 1315 595 1392 cognitor
615 1317 724 1375 'factus
752 1318 805 1377 sit.
843 1315 1181 1400 Intervenienta

139 1454 151 1485 r
226 1430 524 1504 procuratore
551 1421 691 1499 judicati
716 1425 800 1483 actio
830 1443 865 1483 ex
890 1425 995 1484 edicto
1022 1432 1179 1511 perpetup

236 1531 303 1609 ipsi
335 1539 366 1588 et
395 1529 431 1589 in
461 1507 591 1609 ipsum·
624 1548 688 1590 non
720 1530 853 1612 domino
884 1541 920 1591 et
948 1530 984 1590 in
1010 1528 1178 1592 dominum

241 1623 433 1718 competit.“

115 1748 199 1806 Nam
229 1743 317 1822 quod
342 1741 524 1820 Hollwegio
553 1739 607 1818 ¹0)
639 1739 733 1814 inde,
771 1741 858 1820 quod
884 1743 989 1803 edicto
1017 1755 1174 1831 perpetuo

12 1865 14 1868 ’
121 1851 333 1930 procuratori
365 1858 397 1909 et
421 1851 457 1908 in
481 1859 559 1908 ‘eum
590 1847 691 1922 judic,
724 1851 808 1909 actio
837 1848 912 1911 data
943 1869 1014 1911 esse
1044 1852 1170 1928 dicitnr,

31 1953 37 2017 s
95 1959 212 2042 'sequi
240 1945 389 2034 ridetur,
428 1954 540 2025 eodem
568 1953 671 2021 edicto
699 1956 859 2034 cognitori
887 1956 960 2017 eam
983 1977 1054 2038 esse
1082 1961 1193 2027 dene,

114 2076 227 2144 getam
259 2074 290 2123 et
321 2064 453 2126 domino
472 2063 615 2150 'datam3
656 2080 674 2121 e
703 2065 865 2123 contrario
895 2084 932 2124 ex
957 2066 1039 2144 ipsis
1066 2057 1170 2129 verbis
1204 2126 1207 2157 ἰ

116 2174 242 2254 liquere
264 2182 438 2255 putamus„
462 2169 508 2239 id,
539 2167 626 2248 quod
648 2167 686 2227 de
711 2171 981 2253 procuratoribus
1006 2192 1044 2255 ex
1069 2174 1169 2236 edicto

115 2260 271 2353 refertur,
291 2280 413 2360 opponi
433 2277 487 2346 iis,
508 2296 602 2356 quae,
628 2276 720 2343 velut
740 2280 873 2359 antiquo
891 2279 961 2353 jure
984 2284 1169 2360 constituta,

71 2449 74 2453 ,
114 2399 220 2447 antea*
241 2386 279 2445 de
308 2376 530 2463 cognitoribus
561 2383 648 2445 dieta
676 2396 763 2464 sunt.
813 2385 854 2444 Et
886 2386 973 2464 quod
1000 2389 1165 2452 Muehien.

108 2475 270 2564 ,brucbius
304 2489 361 2565 ¹²)
394 2493 493 2553 utiles
525 2493 669 2575 actiones
704 2491 835 2552 domino
864 2493 956 2552 datas
988 2513 1058 2568 esse
1091 2476 1183 2560 dioit'

113 2614 251 2686 propter
273 2602 299 2663 1.
323 2581 377 2668 2'7.
401 2601 444 2665 D.
467 2600 506 2661 de
532 2611 696 2681 procurat.
719 2600 763 2674 (ὅ.
790 2598 853 2674 5.):
955 2649 964 2686 ἱ,
1090 2680 1092 2685 Α

153 2745 223 2795 „—
252 2709 385 2783 domino
417 2708 478 2780 erit
506 2707 612 2779 danda
642 2708 736 2781 utilis
764 2708 866 2784 actio,
898 2706 1020 2770 directa
1042 2714 1168 2792 penitas

237 2812 430 2897 tollenda;“
710 2800 717 2820 ³
1114 2802 1117 2806 ¹

47 2994 56 3003 p
114 2947 213 3006 quam
244 2925 283 2985 de
315 2923 484 3003 cognitore
517 2923 649 3002 proprie
679 2921 822 2985 locutam
853 2941 925 2983 esse
954 2932 1069 3002 putat3
1103 2912 1168 2999 jam

114 3027 406 3114 schillingius.¹²)'
424 3031 560 3102 notarit,
582 3028 643 3090 boc
663 3049 727 3089 non
747 3050 813 3092 esse
831 3031 1046 3114 probandum,
1069 3050 1169 3112 quum

114 3152 209 3201 antea
232 3142 267 3201 in
290 3142 363 3220 lege
386 3139 455 3199 illa·
472 3137 615 3200 dicatur:
649 3135 749 3217 „licet
773 3136 1055 3218 procuratori
1079 3159 1167 3200 eom-

108 3249 215 3309 ·missa
245 3251 289 3308 sit
320 3242 511 3329 stipulatic“
542 3242 738 3319 (judicatum
766 3245 886 3323 solvi),
917 3259 949 3307 at
973 3267 1035 3327 pro
1059 3251 1191 3337 cogni·¹

112 3369 184 3430 tore
203 3356 412 3432 dominum
432 3372 504 3426 earn
519 3351 765 3423 satisdationem
780 3354 1012 3435 interposuisse
1030 3369 1165 3442 constetq
1206 3386 1210 3393 ·

195 3572 306 3646 Longe
328 3568 391 3628 alia
416 3578 523 3627 autem
546 3567 643 3627 initio
663 3556 731 3627 'fuit
755 3556 1005 3647 procuratorum
1036 3555 1166 3633 natura.

32 3738 35 3748 ,
113 3677 177 3772 Eos
200 3679 286 3738 enim
306 3676 401 3737 initio
421 3675 561 3763 singulis
587 3672 705 3735 litibus
725 3675 917 3757 peragendis
938 3677 1073 3740 minime
1095 3698 1168 3752 esse

115 3829 315 3845 m

149 3921 195 3988 10)
214 3919 348 3974 Versucha
365 3920 420 3977 citt.
437 3936 464 3989 p.
484 3921 543 3978 176.
562 3930 620 3981 177.

2 4016 53 4091 'ii
109 4014 194 4075 ,11)
213 4013 324 4069 Cessicn
341 4015 386 4070 eit.
402 4034 429 4087 p.
449 4024 492 4072 65·
510 4033 537 4067 n·
556 4024 617 4087 124.
703 4010 709 4016 ’

149 4108 195 4179 12)
215 4108 417 4185 Remerlrungen
436 4112 504 4176 iiber
521 4113 599 4167 Rom.
617 4111 803 4184 Rechtsgcsch.
823 4130 850 4182 p.
870 4121 928 4177 att.
948 4132 975 4168 n.
993 4115 1055 4183 728.
