2626 4726
260 870 906 989 '‘VParssecunda
989 882 993 889 ¹

254 1072 375 1171 „De
414 1054 558 1188 jure
599 1083 997 1189 judiciario.
1117 1119 1122 1187 j

452 1458 740 1564 ·¹'1¹,itulus
785 1500 812 1563 1.

378 1673 420 1728 Do
439 1672 622 1747 cognitoribus
642 1685 669 1728 ct
684 1675 913 1747 procuratoribus.

261 1810 336 1843 ..
452 1816 714 1897 VM,

199 1953 250 2014 De
280 1949 508 2030 cognitoribus
540 1962 573 2012 et
603 1951 874 2033 procuratoribus
902 1951 1040 2013 ultimus
1068 1948 1168 2010 Vatic.

117 2060 238 2139 fragm·
260 2060 379 2124 titulus
403 2060 547 2142 scriptus
568 2073 627 2133 est,
648 2062 753 2142 isque,
773 2061 852 2123 licet
871 2059 1043 2140 perbrevis
1064 2055 1171 2119 valde·

117 2170 243 2250 querit
263 2167 451 2241 mutilatus,
474 2180 585 2228 tamen
605 2166 695 2229 baud
716 2169 812 2248 parvi
834 2178 884 2228 est
904 2166 1076 2235 momenti,
1098 2164 1171 2245 quia

115 2275 191 2336 inde
214 2295 269 2346 ea,
298 2293 381 2355 quae
404 2275 472 2348 jam
494 2284 599 2335 antea
613 2276 700 2355 apud
720 2275 902 2345 Isidorum,
921 2270 1122 2333 ‘Ciceronem
1143 2278 1171 2329 et

117 2382 228 2456 Caium
258 2384 296 2442 de
325 2379 548 2460 cognitoribus
574 2382 787 2459 legebantur,
817 2383 867 2443 ita
891 2381 1112 2461 supplentur,
1137 2385 1172 2437 ut

118 2510 201 2553 nnnc
221 2480 363 2567 demum,
388 2487 522 2548 collatis
545 2486 598 2546 his
621 2487 784 2577 omnibus,
807 2507 883 2549 vcra
902 2487 1056 2566 componi
1073 2484 1173 2567 possit

116 2599 334 2677 cognitorum
346 2596 458 2668 notio,
493 2604 528 2654 ct
551 2613 613 2673 pro
637 2606 723 2656 certo
745 2595 901 2656 constitui
923 2613 1037 2655 eorum
1059 2611 1080 2655 a
1100 2574 1173 2683 p'ro·

118 2704 324 2766 curatoribus
347 2699 548 2760 differentia.
573 2694 606 2774 ¹)
721 2734 724 2745 ·
821 2748 825 2756 .

90 2865 94 2872 .
200 2809 391 2888 Antiquitus
414 2807 569 2869 Romanis
600 2825 674 2868 cum
694 2806 818 2883 jurium
839 2806 963 2869 ratione
985 2825 1087 2897 quam
1109 2825 1173 2869 ma·

115 2918 202 2980 xime
225 2918 333 2976 visum
355 2933 425 2976 csse
456 2924 723 2989 consentaneum,
752 2934 791 2976 ne
815 2916 887 2995 quis
911 2912 1024 2977 alieno.
1042 2890 1173 2977 nominc

117 3034 173 3085 aut
204 3042 301 3101 agere
332 3033 390 3083 aut
420 3023 569 3101 excipere
599 3033 734 3100 posset,
770 3023 858 3083 inter
889 3039 1001 3101 omnes
1032 3032 1173 3083 constat

12 3200 17 3205 .
116 3129 195 3190 Inde
217 3142 325 3190 autem
347 3128 545 3214 sequebatur
566 3149 625 3208 pro
640 3147 730 3188 more
744 3127 977 3197 Romanorum,
1000 3139 1051 3205 ut,
1072 3146 1174 3210 quum

1 3251 2 3255 ’
115 3237 239 3298 sensim
276 3235 513 3296 incommodius
550 3234 585 3292 id
621 3232 735 3337 fieret,
775 3245 807 3296 et
835 3253 893 3318 per
927 3236 1012 3295 aiios
1046 3251 1175 3314 quoque

115 3343 315 3423 litigandum
349 3346 421 3404 esse
452 3331 648 3411 videretur,
671 3359 736 3401 non
766 3343 874 3402 statim
904 3360 1040 3420 prorsus
1068 3339 1176 3401 libera

115 3471 177 3534 pro
199 3451 274 3510 aliis
297 3437 416 3536 agendi
439 3447 581 3508 facultas
602 3447 750 3522 duretur,
771 3446 826 3507 sed
844 3459 881 3509 ut
901 3450 1025 3510 sensim
1044 3458 1174 3509 tantum

150 3719 181 3784 1)
199 3713 370 3785 scripserunt
385 3715 418 3767 de
432 3713 484 3766 hsc
502 3729 531 3766 rs
546 3723 607 3785 post
624 3723 729 3786 reporta
749 3712 807 3767 Vnt.
824 3711 860 3766 fr.
880 3712 1028 3766 Bethmsnn
1037 3711 1177 3786 Hoiiwsg:

122 3819 125 3824 ·
184 3811 320 3864 isrsucho
335 3809 404 3863 siber
420 3809 539 3863 sinzclne
557 3808 650 3862 Thcils
666 3807 711 3863 dos
727 3806 787 3863 Civ
788 3808 876 3862 ·.Proc
893 3807 959 3860 Nror
973 3807 1015 3861 ΙΙΙ.
1035 3808 1177 3862 Mnehleu·

183 3904 269 3960 broch
287 3901 399 3959 Cossion
415 3904 464 3957 der
483 3902 753 3975 Pordsmngsrcchts.
771 3902 820 3960 Ed.
837 3901 881 3956 ΙΙΙ.
901 3920 927 3975 p.
947 3907 1060 3963 61—68·
1087 3901 1178 3959 Buch-

182 3999 259 4070 hola,
277 4015 405 4055 excursus
421 3997 465 4052 111
484 3997 518 4053 sd
536 3997 622 4055 vatio.
640 3997 733 4070 bagm
829 4065 832 4071 Ι
