2626 4726
638 261 683 342 aa

19 518 21 530 ,
68 508 70 512 ,
166 452 344 534 „Absentis
370 466 619 537 procuratorem
648 455 806 518 satisdare
828 453 944 517 debere
968 453 1103 520 dorato
1125 456 1181 521 ha·

102 540 108 561 ’Δ
247 563 365 640 hendo,
384 576 469 625 recte
491 562 683 643 responsum
700 578 758 627 est.
806 564 923 626 Multis
944 565 1030 626 enim
1051 565 1180 629 casibus

245 672 474 754 ignorantibus
506 672 597 732 nobis
629 672 818 734 mandatum
849 672 936 732 solvi
967 683 1094 752 potest.
1126 673 1178 737 vei
1222 720 1225 729 ,

246 791 350 843 morte
369 780 423 841 vel
446 793 595 841 revocato
615 781 779 842 mandato.
821 778 903 840 Cum
923 791 1031 877 autem
1053 790 1179 845 certum

246 901 307 959 est,
330 887 521 950 mandatum
545 908 763 968 perseverare,
791 887 908 957 idest,
932 906 1007 946 oum
1026 906 1180 967 praesens

190 1010 193 1020 ·
245 1006 296 1056 est
317 994 485 1067 dominus,
508 979 735 1057 satisdationis'
751 994 929 1058 necessitas
952 1009 1067 1056 cessat.
1071 997 1094 1031 ‘⁸
1191 1044 1209 1081 „c

124 1104 392 1168 Constitutionem
413 1104 507 1165 illam
530 1104 752 1186 procuratoris
773 1101 951 1165 Justiniani
973 1115 1126 1183 tempore
1147 1104 1180 1163 in

122 1213 246 1289 judicio
283 1210 358 1273 fieri
381 1211 558 1289 debuisse,
599 1212 737 1304 dubium
768 1231 835 1272 nnn
868 1221 937 1286 estt
973 1205 1029 1290 Ι3)
1070 1192 1188 1303 utrum·
1221 1208 1223 1215 ’

124 1316 233 1380 autem
254 1319 320 1394 iarn
343 1320 514 1401 Papiniani
537 1332 684 1402 tempore
704 1340 785 1403 opus
804 1320 840 1382 id
862 1318 981 1393 fuerit,
1014 1338 1081 1380 non
1105 1318 1181 1381 satis

82 1503 87 1520 ι
124 1427 232 1507 liquet
240 1448 250 1503 ;
272 1439 306 1488 at
327 1428 432 1507 magis
455 1447 525 1489 esse
543 1429 681 1502 videtur,
703 1441 741 1497 ut
762 1446 932 1506 negemus,
954 1444 1063 1523 'quum
1085 1426 1109 1486 l.
1131 1432 1179 1494 65.
1202 1436 1205 1441 '

15 1582 21 1599 .
126 1534 170 1595 D.
195 1535 233 1594 de
258 1546 424 1614 procurat.
457 1531 506 1614 (3.
538 1532 583 1612 3.)
615 1537 780 1616 legamus,
814 1532 1103 1603 erismatorum
1126 1533 1180 1593 do·

49 1669 52 1673 ·
124 1643 255 1704 minum
276 1645 351 1738 sine
369 1643 492 1704 auxssio
514 1641 634 1717 indicis
655 1644 734 1706 solis
756 1645 877 1710 litteris
898 1640 939 1702 ad
959 1640 1179 1703 adversarium

126 1751 213 1812 datis
234 1751 365 1811 'efficere
390 1753 545 1830 potuisse,
569 1762 606 1811 ut
628 1761 823 1830 procurator
844 1751 1072 1830 procuratoris
1095 1769 1179 1830 prae·

99 1910 101 1916 .
127 1861 229 1920 sentis
246 1857 317 1921 loco
336 1858 526 1929 haberetur3
546 1857 600 1918 cui
620 1858 752 1931 accedit,
772 1858 859 1939 quod
874 1854 904 1934 5.
920 1863 993 1926 517.
1010 1857 1103 1929 (curn
1119 1876 1177 1938 quo

126 1965 317 2029 confercndi
350 1961 380 2045 5.
410 1971 482 2030 551.
513 1960 605 2046 555.)
636 1965 722 2053 apud
754 1975 826 2029 acta
853 1969 961 2028 factus
989 1952 1177 2051 procurator

125 2075 305 2161 praesentis
327 2074 532 2154 procuratori
553 2072 792 2157 quodammodo
814 2074 942 2155 opponi
965 2072 1117 2137 videtur:

1 2213 2 2216 ¹
57 2235 60 2239 .
166 2178 391 2264 „(Apudaota
412 2177 514 2256 facto)
537 2182 743 2260 procuratori
760 2182 840 2242 haec
859 2181 1034 2244 satisdatio
1056 2185 1177 2244 remitti

250 2290 346 2349 solet.
384 2290 469 2381 Natu
485 2306 557 2347 cum
573 2287 659 2367 apud
674 2298 744 2349 acta
760 2287 894 2348 nonnisi
914 2308 933 2350 a
953 2309 1051 2369 prae
1062 2311 1103 2352 se
1115 2304 1177 2350 nte

251 2396 428 2456 domino
447 2396 697 2466 constituatur,
738 2396 914 2494 cognitpris
947 2396 1022 2456 loco
1050 2392 1178 2461 intelli·

248 2502 374 2584 gendns
397 2512 456 2564 cst.
486 2535 524 2546 -
558 2502 750 2564 Procurator
768 2502 951 2578 judicatum
973 2505 1061 2568 solvi
1088 2509 1177 2568 satis-

249 2611 326 2672 dare
349 2610 581 2691 compellitur3
604 2628 686 2690 quae
707 2608 876 2676 satisdatio
899 2611 980 2674 adeo
1001 2618 1179 2679 neccssaria

232 2730 312 2794 eat,
333 2729 371 2778 ut
393 2737 465 2778 cam
487 2718 612 2778 remitti
634 2736 701 2777 non
720 2735 831 2811 posse,
854 2721 983 2787 etiamsi
1002 2721 1091 2804 apud
1112 2736 1180 2784 acta

247 2837 442 2921 procurator
463 2806 692 2902 constituatur,
712 2826 755 2886 D.
777 2806 913 2887 Severus
935 2832 1157 2893 constituerit.
1161 2828 1180 2862 “

127 2930 199 3014 Quo
240 2953 276 2994 cx
316 2933 390 2993 loco
431 2934 529 2993 etiam
568 2933 733 3003 videmus,
770 2934 799 2994 si
828 2945 941 3015 postca
973 2942 1182 3018 procurator,

127 3043 220 3117 eujus
252 3042 442 3103 mandatum
474 3040 623 3121 quolibet
652 3040 726 3100 loco
755 3041 843 3119 apud
864 3053 944 3105 ncta
972 3042 1180 3109 insinuatum

127 3159 207 3223 erat,
230 3149 358 3233 „veluti
378 3149 559 3246 praesentis
580 3158 772 3229 procurator
794 3149 990 3211 intervenire
1014 3153 1181 3236 intellige·

125 3253 259 3324 batur,“
284 3253 339 3332 ι9)
371 3255 543 3336 Papiniani
565 3254 617 3316 vel
637 3255 774 3335 Ulpiani
795 3255 850 3330 ²⁰)
881 3269 1027 3340 tempore
1050 3265 1180 3324 nonnisi

17 3440 21 3449 Ι
124 3383 143 3424 ιι
164 3373 336 3444 praesente
358 3363 490 3424 domino
511 3362 597 3442 apud
613 3374 685 3423 acta
700 3360 915 3427 constitutum
929 3381 1178 3472 procuratorem

124 3471 306 3551 praesentis
323 3482 575 3566 procuratorem
597 3489 666 3538 csse
683 3456 903 3535 intellectum.

128 3692 326 3719 ...,....-....-

160 3847 248 3914 18)5
270 3846 617 3905 patientissimos
638 3850 678 3919 (i.
699 3845 892 3920 11.)'l'heoph
911 3846 990 3908 adh.
1009 3849 1027 3906 Ι.
1046 3847 1063 3900 Ι.
1082 3865 1127 3906 nn.
1148 3850 1180 3904 C.

195 3939 229 3992 de
248 3940 405 4000 oausdsndo.
424 3943 465 4010 (2.
484 3945 543 4012 57)
620 3970 622 3977 ·

160 4030 247 4101 19)Ι.
265 4050 312 4093 un
330 4035 376 4094 cit.
394 4039 419 4097 §.
438 4046 465 4095 5.
481 4035 507 4094 J.
525 4035 571 4094 nit

161 4128 208 4199 tu)
231 4127 308 4186 Latet
325 4129 411 4202 ιιιίιιι,
438 4131 524 4187 utrius
546 4129 580 4183 sit
602 4130 626 4194 5.
650 4139 710 4199 317.
730 4129 787 4184 Vct.
807 4128 864 4185 ir.x
