2626 4726
160 431 255 507 „Nec
276 432 424 502 interest,
441 449 599 512 praesens
624 454 664 496 an
686 433 804 497 absens
824 415 975 516 cognitor
993 435 1129 511 detur,“
1165 503 1167 506 ,

117 541 250 605 videtur
270 540 393 608 Festus,
418 541 499 621 epit.
523 541 556 600 h.
575 550 631 605 tut

161 648 344 730 „coguitor
372 658 430 723 est,
458 649 515 726 qui
545 648 643 711 litem
673 651 808 713 alterius
838 652 973 732 suscipit
995 669 1110 732 coram
1133 667 1179 718 eo,

25 754 29 764 '
75 770 78 774 '
144 785 146 789 ·
241 755 296 814 cui
317 752 411 814 datus
434 764 499 827 est;
491 750 523 789 ·“

87 901 89 907 ·
120 846 236 923 deinde
259 860 417 928 Isidorus,
441 860 603 959 different.
626 819 949 930 licostratus}

18 985 26 992 ·
49 1049 54 1054 .
162 968 347 1048 „Cognitor
368 985 520 1048 praesens
544 970 708 1048 praesenti
731 988 749 1029 a
771 981 937 1049 praesente
960 968 1070 1028 datur.
1074 958 1100 998 ‘⁸
1123 959 1155 1043 ⁵)

117 1079 266 1159 Ipsarum
296 1084 403 1135 sutem
434 1075 692 1136 formularum
682 1096 717 1136 ιιι
745 1095 808 1135 usu
835 1089 926 1138 vetus
954 1076 1051 1154 rigor
1080 1073 1176 1133 eciam

30 1179 37 1190 ’
118 1186 194 1258 hic,
217 1196 254 1244 ut
282 1184 316 1242 iu
339 1182 454 1244 multis
477 1183 553 1243 aliis
577 1183 690 1251 rebus,
716 1176 828 1264 postes
849 1185 1016 1269 mitigatus
1040 1193 1110 1252 est,
1142 1189 1178 1240 ut

7 1296 10 1301 '
118 1290 318 1371 Papinianus
340 1286 485 1350 diceret:

163 1394 194 1474 §
211 1404 301 1469 519.:
329 1395 464 1476 „Etiam
484 1397 607 1474 graecis
627 1394 736 1458 verbis
758 1381 958 1478 cognitorcrn
979 1395 1053 1458 dari
1067 1414 1176 1507 posse,

171 1527 190 1539 ¹·
242 1502 328 1561 inter
350 1519 462 1562 omnes
485 1505 647 1595 constat,“
751 1510 754 1515 ’
832 1510 834 1514 ’

119 1621 151 1672 ct
173 1608 379 1690 Ulpianus:

159 1713 190 1794 §.
212 1721 303 1786 5¹66
328 1714 424 1792 „Nou
448 1715 494 1774 sic
515 1708 610 1796 putat
632 1715 729 1775 certis
750 1715 860 1775 verbis
882 1714 1085 1792 cognitorem
1108 1709 1174 1770 dsri

94 1807 99 1818 ’
244 1823 374 1893 debere,
393 1833 442 1892 ut,
464 1823 492 1881 si
509 1822 588 1900 quid
600 1814 714 1882 fuisset
729 1821 894 1907 adiectum
908 1822 961 1882 vel
978 1823 1171 1902 detractum,

246 1949 312 1992 uon
334 1928 445 1988 valeat
465 1927 572 1994 datio,
596 1931 686 1988 utin
705 1927 808 2015 legis
806 1928 1009 1989 actionibus.
1013 1925 1039 1962 ‘⁸

119 2037 192 2131 Quo
216 2058 255 2099 ex
278 2037 353 2099 loco
375 2035 608 2115 interpretatio
632 2034 757 2096 accedit
779 2035 818 2094 sd
842 2033 909 2110 Caj
934 2033 994 2094 lV.
1013 2043 1074 2109 97·
1152 2106 1155 2113 ,

110 2213 113 2221 Ι
158 2182 225 2218 „-
247 2163 321 2203 cum
346 2142 443 2202 certis
465 2152 497 2201 ct
519 2143 649 2220 quasi
665 2140 931 2203 solennibus
960 2141 1072 2203 verbis
1104 2137 1171 2200 sub

42 2242 49 2272 ”
147 2254 150 2258 ’
239 2251 396 2309 stituatur
420 2244 603 2327 cognitor“

200 2358 250 2417 Ita
282 2357 311 2416 si
343 2352 463 2433 accipis
495 2349 680 2432 cogniturae
710 2355 876 2441 notionem
908 2348 1038 2431 =(luisse
1075 2352 1172 2432 igitur

117 2482 188 2540 eos,
218 2465 275 2543 qui
303 2463 405 2542 primi
420 2462 540 2522 Romae
562 2461 670 2520 alieno
694 2463 825 2522 nomine
845 2461 975 2540 litigare
992 2455 1173 2542 poterant),

117 2573 242 2654 optime
268 2585 444 2648 congruere
469 2567 608 2640 videbis,
631 2578 711 2646 quse
733 2571 916 2627 accuratior
940 2587 1056 2645 eorum
1078 2571 1174 2628 reler-

47 2654 52 2663 Χ
115 2692 171 2742 tur
203 2689 332 2738 natura.
387 2675 434 2735 Ex
460 2674 647 2753 ipsaenim
672 2675 738 2747 jum
768 2657 988 2734 constituendi
1017 2655 1174 2743 formula,

117 2786 250 2865 qualem
273 2785 360 2862 spud
382 2780 497 2856 Caium
518 2779 588 2853 (IV.
609 2779 679 2853 δι.)
702 2764 862 2858 legimus,
891 2782 1061 2859 sequitur,
1091 2779 1176 2861 quod

115 2891 260 2952 Isidorus
283 2885 320 2966 ⁶)
352 2889 451 2960 dicit:
481 2884 636 2956 „nonnisi
665 2884 717 2944 liti
748 2885 772 2944 i.
798 2904 825 2946 c.
846 2885 961 2960 judicii
982 2885 1177 2968 expediendi

116 2999 221 3076 gratia
241 2997 444 3074 cognitorem
466 2992 539 3052 dari
562 3009 673 3070 posse,
696 2997 737 3062 ⁵e't
765 2990 920 3052 adversus
948 3012 1020 3053 eum
1053 2995 1177 3054 solum·

115 3104 215 3166 modo
238 3104 308 3193 lite.
320 3096 514 3179 ¹contendere
536 3115 649 3174 posse,
677 3094 831 3158 advertus
856 3118 955 3183 quern
976 3101 1176 3162 constitutus

17 3224 19 3247 ²
115 3207 238 3278 esset.“
297 3204 540 3267 Porroautem
576 3223 614 3263 ex
647 3203 886 3293 constitutionis
921 3207 1030 3267 forms
1067 3210 1176 3289 „quia
1207 3252 1209 3259 .

151 3517 181 3583 5)
201 3515 306 3579 Postea,
324 3510 481 3582 praesertim
496 3519 664 3582 posteaquam
683 3494 753 3581 spud
769 3520 827 3564 scta
842 3511 998 3564 constitutus
1012 3505 1180 3582 procurator

185 3607 330 3680 cognitoris
349 3608 408 3659 loco
425 3605 518 3658 hsbcri
535 3616 667 3674 coeperat,
689 3605 834 3676 cognitoris
846 3606 976 3658 dationem
992 3623 1071 3679 saepe
1084 3626 1180 3663 coram

168 3703 272 3783 judice
293 3719 347 3754 esse
366 3699 474 3767 factam,
505 3698 628 3752 dissimile
648 3701 704 3752 veri
721 3718 776 3754 nou
794 3710 844 3768 est,
874 3699 1010 3772 indeque
1001 3701 1181 3776 intelligitur

130 3800 135 3812 ¹
183 3779 366 3870 interpretatio
386 3794 520 3867 visigoth
535 3795 609 3869 udc.
632 3802 657 3853 7.
677 3793 709 3848 C.
728 3789 778 3845 Th.
798 3791 829 3846 de
849 3795 998 3865 cgonitom
1018 3797 1181 3866 „Cognitor

124 3920 126 3925 ·
144 3920 147 3926 ·
155 3902 237 3960 est,
256 3892 301 3947 cui
320 3893 376 3945 sins
393 3890 517 3944 mandato
535 3905 640 3942 οιιιιιιιι
657 3905 732 3942 susm
749 3888 874 3966 agendam
893 3905 1017 3961 praesens
1034 3904 1183 3964 praesento

159 4058 160 4065 ἵ
180 3985 270 4054 judica
287 3987 408 4060 litigator
425 3983 573 4060 injungit.“
591 3982 631 4037 Cf.
649 3981 766 4039 iufrsh·
784 3990 804 4040 t.
821 3978 845 4049 §.
863 3980 888 4038 ι.

55 4143 59 4150 ,
144 4083 172 4152 6)
191 4081 330 4150 Different.
349 4081 387 4135 lit
406 4081 438 4137 G.
457 4079 523 4133 Nro·
543 4087 603 4138 123.
847 4071 856 4089 ⁹
