2626 4726
625 307 670 367 39

119 482 317 564 propositos,
339 482 395 545 sed
418 501 488 547 eam
510 486 622 566 potins
643 486 746 546 fuisse
769 501 882 544 eornm
901 483 1072 564 originem,
1094 486 1181 567 qnod

118 591 157 662 ii,
179 592 236 672 qni
259 603 348 652 extra
371 591 501 652 italiam
523 593 570 653 rei
591 592 743 673 publicae
763 612 860 654 causa
881 590 992 665 abesae
1015 594 1179 670 deberent,
1198 621 1201 632 ·

120 697 178 758 vel
210 699 357 790 ipsorum
375 697 487 762 ‘causa
520 703 828 781 peregrinarentur,
864 690 1089 775 nominarent,
1124 701 1181 780 qui

121 824 207 887 „pro
229 804 399 869 curatore“
426 809 491 870 sibi
506 789 702 883 'absentibus
727 818 853 883 essent,
888 819 938 885 et,
952 809 1074 895 ⁴ueluti
1094 809 1179 885 juris

123 914 177 974 aui
208 913 346 994 vicarii,
387 916 474 978 bona
506 937 564 978 sua
599 916 883 986 administrarent,
925 916 1008 976 bene
1042 915 1182 977 ostendit

124 1019 313 1085 Huschltiua
330 1022 402 1105 ¹³);
421 1045 560 1106 quocum
575 1025 673 1085 etiam
688 1025 841 1104 congruit
862 1022 1004 1088 isidorus
1024 1022 1064 1101 (1.
1080 1020 1138 1098 cl:

166 1144 422 1211 „procuratores
444 1154 497 1196 res
521 1153 633 1197 omnes
656 1134 925 1196 administrant&

121 1238 268 1322 Indeque
291 1242 389 1303 etiam
411 1245 540 1305 venisse
558 1242 697 1318 ridetur,
721 1219 806 1323 qnod
825 1251 1028 1323 procurator,
1049 1238 1107 1315 „si
1122 1236 1181 1303 aliz

123 1366 225 1439 quarn
244 1348 551 1414 actionem'inlerie
571 1350 686 1422 vellet,
708 1361 875 1430 cogeretur
895 1350 1048 1410 adversus
1070 1365 1181 1408 omnes
1218 1430 1223 1439 Ι
1283 1364 1286 1385 ¹

100 1456 296 1531 ,absentem
319 1456 524 1521 defendere.“
565 1459 641 1521 Vat.
662 1440 707 1520 iri
729 1467 802 1523 530.
825 1457 905 1518 coll·
927 1457 999 1525 328·
1021 1461 1094 1520 552.
1130 1538 1133 1543 ¹

210 1562 380 1647 Quantutn
397 1579 505 1630 autem
520 1568 562 1629 ad
578 1567 726 1646 singulas
744 1566 820 1626 lites
835 1563 1033 1659 peragendas
1050 1564 1180 1640 attinet,

128 1674 300 1753 quominus
326 1675 425 1736 etiam
452 1676 502 1735 ibi
524 1695 657 1758 prorsus
682 1674 748 1736 alia
771 1675 857 1734 iuter
880 1684 1124 1751 procuratorem
1148 1682 1181 1733 et
1286 1671 1294 1679 '

129 1781 297 1842 dominnm
311 1782 527 1845 intercederet
543 1786 636 1857 ratio,
659 1802 755 1864 quam
774 1782 808 1840 in
827 1781 1007 1859 cognitura,
1030 1779 1100 1840 fleri
1116 1798 1180 1840 non

127 1890 248 1968 potuit.
294 1887 375 1950 Cum
396 1891 482 1950 enim
502 1903 697 1981 procurator
714 1894 753 1950 ex
771 1890 840 1948 colo
857 1886 1010 1949 mandato
1028 1886 1180 1966 litigarit‚

129 1994 197 2057 litis
219 1995 370 2056 dominus
389 1997 573 2059 adversario
595 1998 670 2060 inde
694 2013 798 2076 neque
820 1995 961 2074 obligari
982 1995 1102 2074 potuit,
1126 2014 1179 2055 ne·
1238 2002 1239 2005 ’

129 2122 188 2181 qne
221 2122 260 2162 ex
289 2103 361 2165 litis
391 2107 629 2168 contestatione
662 2104 838 2167 adversarii
869 2122 942 2163 cum
969 2113 1180 2182 procuratore

129 2207 178 2282 ius
201 2212 368 2290 acquirere
390 2213 511 2292 potuit,
540 2231 622 2293 quac
644 2232 702 2288 ac„
727 2223 765 2272 nt
786 2222 979 2283 contractus,
1003 2212 1087 2270 inter
1108 2227 1181 2267 con·
1210 2271 1214 2283 Ι

132 2318 295 2378 trabentes
320 2319 452 2381 'tantum
485 2319 549 2407 jus
568 2323 675 2381 lacere
706 2332 828 2400 posset.
885 2317 961 2378 Ideo
989 2327 1180 2398 procurator

135 2433 233 2485 totam
261 2444 331 2487 rem
362 2439 398 2487 ut
424 2447 516 2490 suam
547 2429 630 2508 egit,
661 2447 764 2510 neque
792 2428 923 2488 domino
948 2406 1041 2486 aliud
1067 2425 1119 2501 jus
1143 2443 1180 2484 ac

98 2514 105 2529 ’
139 2534 285 2611 quisivit,
305 2535 367 2597 nisi
385 2536 472 2618 quod
487 2534 675 2597 mandatum
693 2537 725 2597 ei
740 2530 932 2618 praebebat.
976 2536 1054 2597 Inde
1072 2526 1186 2616 autem'

98 2678 103 2717 2
141 2639 252 2704 lactum
273 2654 335 2714 est,
357 2648 394 2703 ut
415 2653 618 2724 procurator,
639 2645 667 2704 si
685 2655 805 2723 ageret,
823 2639 983 2707 'satisdare
1003 2643 1181 2719 juberetur,

98 2768 105 2805 .·
143 2764 199 2808 rem
221 2746 326 2811 ratam
340 2732 543 2833 xhabiturum
568 2752 754 2827 dominum,
784 2771 866 2813 cum.
885 2736 1180 2815 dominns'iterum

143 2851 300 2935 decadem
319 2877 355 2919 re
377 2859 516 2941 experiri
536 2861 681 2939 potuerit
701 2859 786 2938 (Caj.
800 2859 856 2918 lV.
869 2855 957 2939 96.)·;
978 2871 1010 2921 et
1027 2862 1055 2920 ai
1072 2861 1179 2925 defen-

98 3020 105 3055 ,
144 2958 234 3033 deret,
266 2967 418 3047 qnoniam
447 2986 542 3027 nemo
571 2968 618 3030 rei
648 2968 773 3029 alienae
801 2967 871 3028 sine
895 2967 1105 3034 satisdatione
1127 2967 1180 3035 de-

102 3076 108 3093 ·
142 3073 237 3134 lenaor
256 3075 396 3136 idoneus
417 3074 673 3153 intelligeretur,
693 3075 765 3156 ipse
785 3074 965 3151 judicatum
984 3077 1068 3139 solvi
1088 3079 1182 3139 satis·
1272 3072 1293 3114 Ὗ

142 3177 206 3243 dare
225 3183 492 3265 compelleretur.
522 3181 592 3258 Caj.
612 3180 667 3243 lV.
691 3193 761 3248 101.
786 3182 859 3243 Vat.
879 3189 952 3256 317.
966 3234 969 3263 :
983 3184 1053 3247 bite
1071 3197 1181 3248 ,autem

139 3301 288 3372 peracta,
311 3291 471 3369 quoniam'
489 3301 702 3373 „procurator
723 3289 935 3371 obligationis
956 3270 1089 3353 uincula
1110 3314 1182 3354 sua·

138 3398 465 3479 ceperat,“·ipseque
495 3409 600 3458 totam
620 3418 689 3460 rem
710 3417 805 3478 agere
829 3382 1022 3476 videbatur,
1053 3417 1180 3479 „neque
1215 3418 1217 3422 ·

137 3524 229 3567 onera
254 3505 469 3585 obligationis
490 3524 640 3567 recusare
661 3503 811 3586 potuit,“
831 3506 855 3564 i.
876 3525 905 3566 e.
927 3506 1062 3582 judicati
1082 3506 1180 3567 actio·
1217 3558 1219 3562 ⁴
1256 3550 1260 3556 -

134 3627 203 3673 nem
234 3631 253 3672 a
284 3631 319 3674 se
345 3613 524 3694 repellere,
557 3631 660 3694 neque
689 3633 768 3677 vero
799 3614 864 3695 ipsi
890 3617 1017 3694 quoque
1041 3612 1181 3691 judicati

131 3724 227 3792 actio,
247 3723 279 3784 si
294 3724 431 3791 vicerat,
449 3719 687 3804 denegabatur3
708 3719 841 3799 domino
859 3731 966 3782 antem
989 3741 1054 3782 non
1074 3720 1181 3799 magis

160 4063 209 4130 13)
228 4061 365 4114 Excussae
384 4060 415 4110 V.
440 4058 473 4112 ad
499 4057 557 4117 Cic.
581 4076 622 4116 or.
643 4075 692 4132 pro
711 4052 798 4113 Tullio
815 4058 844 4112 in
861 4058 894 4113 ὓ.
913 4057 1040 4114 Husohldi
1057 4059 1180 4112 analactis
1228 4050 1234 4055 ’

197 4155 249 4208 litt.
266 4173 292 4227 p.
312 4155 372 4214 286·
392 4152 450 4212 599-
489 4200 494 4213 .
601 4150 604 4155 ’
