2626 4726
528 288 530 293 .
643 240 734 303 48st

111 418 273 513 ¹foetasse·
296 415 426 503 quidam
445 394 492 480 its
513 421 652 495 tantum,
675 423 725 493 ut,
748 398 925 502 quodiam
948 436 1011 480 usu
1032 417 1212 482 obtinuis-

135 540 185 589 set
203 538 278 613 post
298 524 498 588 Constantini
518 545 617 608 supra
641 529 774 589 citatam
797 530 902 609 legem
924 525 956 594 2.
979 529 1112 613 eod-ht„
1131 529 1204 590 hoc

20 686 22 693 .
135 636 242 698 edicto
266 635 306 697 sb
328 631 585 716 imperatoribus
608 637 800 696 sanciretur.

217 743 370 824 Exceptio
395 736 435 802 ab
459 744 595 822 antiqua
618 739 752 823 regula,
783 730 879 804 etiam
900 745 934 805 in
955 744 1138 806 actionibus
1157 745 1192 804 in

16 912 27 920 ,
135 866 203 914 rem
226 859 367 912 actorem
391 851 500 910 forum
524 853 572 910 rei
597 852 689 929 sequi
712 845 846 930 debere,
877 845 944 929 J‘am
966 864 1040 913 aute
1061 851 1191 914 Diocle·

79 986 81 992 ·
134 962 262 1022 sianum
285 970 303 1019 a
322 958 498 1018 Valeriano
521 970 553 1018 ct
575 946 723 1021 Gallieno
746 954 921 1021 constituta
945 947 1033 1032 esse,
1057 970 1191 1040 propter

135 1068 160 1129 l.
181 1089 235 1129 un.
258 1064 292 1128 C·
312 1066 371 1126 ubi
393 1058 430 1126 de
449 1050 631 1155 hereditate,
648 1052 763 1147 agatur
784 1064 833 1144 (3.
850 1069 935 1146 20.)‚
955 1056 1102 1129 Hefftero
1122 1067 1189 1130 visa

135 1185 204 1241 estt
234 1170 381 1252 scilicet,
413 1173 626 1234 hereditatem
654 1179 725 1257 peti
745 1177 891 1258 potuisse
917 1178 950 1236 in
973 1177 1045 1237 foro
1062 1158 1188 1238 'heredi-

133 1287 212 1347 tatis
256 1285 355 1359 sitae,
396 1282 424 1343 si
457 1302 676 1373 possessorem
708 1297 795 1346 actor
826 1278 1101 1365 comprehendere
1143 1283 1187 1345 ibi

134 1392 308 1475 potuisset.
358 1388 399 1458 At
420 1384 551 1452 Bethm.
574 1380 694 1467 Hollw.
722 1392 805 1454 bene
829 1374 942 1454 contra
963 1384 1124 1470 ostendit,
1143 1408 1187 1453 re·

137 1501 296 1581 scriptum
322 1497 429 1559 illudt
509 1488 512 1495 ¹
641 1484 643 1489 ¹
770 1570 773 1575 ι
904 1554 906 1559 ,
1023 1564 1027 1570 ,

177 1603 275 1686 „illic
305 1598 364 1668 ubi
391 1624 442 1667 res
466 1596 683 1667 hereditarias
707 1618 777 1667 esse
796 1609 972 1688 proponis,
1000 1598 1136 1668 heredes
1155 1598 1186 1667 in

164 1692 167 1699 .
258 1716 500 1797 possessionem
531 1734 641 1775 rerum
669 1701 940 1775 hereditariarum
964 1707 1053 1774 mitti
1077 1724 1186 1796 postu·

186 1803 216 1819 Ἰ
258 1820 395 1885 landum
423 1835 482 1884 est.
524 1822 589 1884 Ubi
617 1833 725 1883 autem
755 1821 961 1883 domicilium
987 1822 1107 1900 habet,
1137 1822 1185 1901 qui

262 1926 471 2003 convenitur,
488 1913 553 2003 ,iel
575 1931 604 1992 si
624 1926 691 2004 ibi,
728 1921 783 1991 ubi
803 1944 853 1991 res
873 1920 1089 1991 hereditariae
1113 1932 1184 1991 sitae

238 2038 244 2118 j
262 2052 357 2113 sunt,
388 2039 498 2119 degit,
530 2032 721 2099 hereditatis
746 2039 971 2100 controversia
994 2028 1061 2098 erit'
1080 2030 1186 2110 termi-

258 2130 403 2224 bande‚“
1066 2218 1070 2227 Ι

114 2238 184 2318 'tta
203 2270 272 2318 esse
292 2247 591 2336 interpretandum}
614 2249 777 2335 possessio
798 2267 907 2315 rerum
927 2245 1113 2334 quaerenda
1127 2261 1185 2331 est,

134 2361 193 2424 ubi
222 2381 273 2459 res¹
303 2375 398 2437 sunt3
430 2358 617 2422 hereditatis
648 2351 765 2444 petitio
799 2374 907 2425 autem
937 2357 985 2423 ibi
1016 2370 1066 2423 est
1096 2359 1187 2421 insti·

134 2468 275 2545 tuenda,
298 2466 357 2531 ubi
382 2467 588 2531 domicilium
608 2459 706 2531 habet
727 2485 822 2553 retis,¹
842 2478 908 2532 non
928 2464 986 2531 ubi
1008 2471 1094 2532 sitae
1118 2478 1188 2532 snut

136 2597 207 2669 res3
229 2575 295 2639 nisi
317 2579 402 2640 forte
422 2597 497 2642 reus
515 2572 719 2639 domicilium
739 2575 840 2639 habet
858 2597 896 2640 eo
917 2579 1002 2659 loco,
1025 2596 1094 2660 quo
1112 2566 1188 2642 sitae

137 2695 212 2747 aunt
232 2703 298 2748 res.

477 2936 852 3021 Tituluslll.
955 2993 958 2999 .

432 3109 475 3165 Do
493 3108 623 3180 iudicibus
643 3119 670 3164 st
687 3107 891 3182 magistratibus·

616 3325 646 3407 §-
678 3337 708 3392 1.

220 3448 315 3541 Quod
334 3436 457 3542 bassim
479 3450 567 3538 apud
584 3471 709 3521 veteres
733 3450 788 3535 216)
812 3450 973 3539 legimus,
1002 3434 1093 3524 baud
1115 3475 1190 3524 raro

134 3559 302 3642 iudicandi
317 3575 438 3630 munus
460 3568 636 3630 molestum
656 3580 726 3629 esse
747 3567 855 3630 visum
878 3567 1022 3644 civibus,
1051 3563 1192 3652 ideoque

136 3674 401 3738 excusationibus
425 3694 494 3736 esse
521 3693 615 3752 usos,
643 3669 671 3750 d·
697 3685 768 3749 194·
797 3682 868 3750 197.
900 3686 970 3753 198.
996 3672 1044 3738 its
1072 3677 1190 3738 coniic-

136 3793 264 3855 iuntur,
283 3790 321 3843 ut
338 3782 529 3858 doceamur,
554 3785 590 3846 in
606 3779 744 3866 Augusti
760 3783 888 3867 legibus
903 3784 1101 3861 iudiciorum
1122 3794 1193 3847 tam
1215 3834 1219 3839 .

241 3954 245 3960 .
296 3955 299 3959 ,

169 4075 220 4146 to)
238 4074 373 4134 Heiueceii
392 4078 493 4152 antiqu.
510 4081 565 4148 jur.
583 4079 628 4136 ll'·
649 4082 693 4143 171
710 4084 733 4149 §⁶
754 4075 780 4138 d.
